3386 5262
383 359 426 424 lli
704 371 791 418 vrrs
818 371 973 418 vnunarr
1001 371 1156 418 nnxrnr.

384 519 523 600 petiisse
545 516 635 579 dicit.
679 511 743 575 Est
765 518 879 575 autem
901 513 933 576 is
957 510 1085 576 Sextus
1109 512 1305 596 Pompeius,
1321 514 1380 597 qui
1403 530 1475 577 cum

385 621 466 684 Sex.
482 615 652 699 Appuleio
667 613 880 678 consulatum
895 613 1014 695 gessit,
1030 632 1134 696 eopse
1149 633 1248 692 anno,
1263 635 1331 697 qno
1347 614 1478 696 Augus-

384 725 438 783 tus
454 715 568 782 Caesar
578 715 649 779 vita
661 713 820 791 excessit,
836 715 934 798 eique
948 714 1106 779 Tiberius
1121 715 1297 780 successit.
1340 715 1388 779 At
1401 734 1479 780 con-

385 820 477 884 sules
490 818 547 882 isa·
561 817 668 895 fuere,
693 817 752 900 qni
768 818 865 899 primi
879 819 915 880 in
929 816 1058 881 Tiberii
1074 818 1176 881 verba
1195 817 1359 900 jurarunt,
1373 835 1479 900 eoque

383 921 514 985 nomine
525 920 663 985 Tiberio
688 919 783 984 fuere
809 936 938 1003 semper
963 918 1202 1002 acceptissimi,
1231 924 1269 983 ut
1290 937 1334 982 ex
1357 915 1478 996 Dione,

383 1022 518 1100 Tacito,
540 1023 628 1100 aliis,
649 1027 791 1087 constat.
835 1019 946 1086 Etiam
970 1028 1102 1087 oetatem
1124 1021 1272 1087 ostendit
1292 1021 1389 1085 locus
1405 1020 1477 1102 ipse

382 1125 440 1190 lib.
466 1142 500 1188 ν.
533 1145 608 1208 cap.
637 1124 670 1189 8.
714 1123 879 1190 ‘Marcus
911 1123 1081 1190 Antonius
1116 1143 1251 1190 avorum
1291 1129 1479 1187 nostrorum

382 1227 593 1310 temporibus
616 1225 821 1291 clarissimus
846 1227 980 1293 orator!
1023 1227 1123 1306 Item,
1146 1247 1216 1311 qua
1239 1224 1335 1290 Julio
1360 1231 1396 1289 et
1410 1223 1479 1288 Au-

383 1335 482 1411 gusto
512 1337 731 1408 assentatum,
756 1330 877 1408 oratio,
897 1329 955 1395 lib.
972 1345 1038 1395 vn.
1062 1352 1139 1416 cap.
1153 1330 1185 1395 6.
1200 1334 1234 1394 et
1257 1329 1350 1394 elibi.
1395 1327 1480 1391 Item

383 1432 474 1515 quod
497 1431 690 1515 ingratiam
711 1432 839 1498 Tiberii
854 1433 994 1498 Brutum
1009 1437 1108 1498 vocat
1130 1429 1332 1517 parricidam
1354 1429 1413 1494 lib.
1431 1444 1479 1492 vr.

384 1555 413 1598 c.
428 1537 461 1599 4.
484 1534 764 1619 quemadmodum
779 1542 814 1601 et
824 1536 882 1600 lib.
895 1552 919 1600 1.
942 1556 1018 1621 cap.
1034 1535 1065 1601 8.
1088 1535 1148 1612 eit,
1163 1532 1204 1598 G.
1220 1531 1381 1598 Cassium
1395 1551 1479 1596 nuu-

382 1654 483 1718 qnam
498 1637 571 1701 sine
582 1637 780 1720 praefatione
794 1638 922 1722 publici
936 1636 1106 1721 parricidii
1117 1634 1371 1714 nominandum3
1387 1653 1480 1698 nem-

382 1754 426 1817 pe
440 1736 489 1800 ite
503 1738 568 1801 sub
582 1737 718 1802 Tiberio
733 1739 827 1821 loqui
841 1757 981 1802 necesse
997 1743 1079 1814 erat,
1101 1735 1193 1820 quod
1207 1735 1268 1800 illa
1282 1735 1384 1799 etiam
1400 1731 1479 1797 Cre·

381 1835 480 1901 mntii
499 1836 603 1902 Cordi
623 1838 760 1921 querela
783 1838 933 1904 ostendit
951 1838 1041 1923 apud
1054 1837 1209 1902 Tacitum
1223 1834 1407 1900 Annalium
1421 1833 1479 1898 lib.

383 1954 434 2001 ιν.
458 1938 584 2006 ‘Titus
603 1940 723 2006 Livius
744 1939 807 2007 Cn.
823 1942 1019 2025 Pompeium
1042 1941 1144 2005 tantis
1167 1937 1324 2003 leudibus
1346 1935 1478 2012 extulit,

381 2045 420 2104 ut
433 2038 679 2126 Pompeianum
701 2063 777 2109 eum
791 2041 967 2127 Augustus
992 2042 1198 2127 appellaret:
1219 2057 1332 2122 neque
1348 2036 1383 2102 id
1398 2038 1480 2102 ami-

382 2141 473 2206 citiae
495 2162 608 2208 corum
623 2145 745 2212 offecit.
790 2147 983 2231 Scipionem
997 2144 1203 2222 Africanum,
1225 2142 1312 2208 hunc
1329 2141 1481 2217 Brutum,

381 2261 549 2326 nusquam
562 2246 722 2326 latrones,
744 2257 779 2311 et
791 2248 986 2330 parricidas,
1002 2267 1079 2327 quae
1088 2264 1176 2308 nunc
1191 2243 1359 2306 vocabula
1372 2243 1481 2321 impo-

380 2352 513 2421 nuntur,
529 2367 621 2427 saepe
639 2356 677 2410 nt
698 2348 847 2425 insignes
864 2347 954 2408 viros
975 2344 1142 2408 nominat!
1185 2340 1375 2406 Cremutius
1389 2341 1445 2405 ille
1458 2358 1481 2403 a

380 2444 518 2506 Tiberio
541 2444 721 2508 damnatus
743 2445 820 2522 fuit,
839 2445 980 2526 librique
1004 2445 1077 2527 ejus
1101 2461 1162 2526 per
1186 2441 1300 2505 aedilee
1318 2441 1479 2519 cremati3

381 2544 474 2628 quod
495 2544 616 2607 ‘editis
638 2544 826 2623 annalibus,
845 2545 1057 2630 laudatoque
1074 2543 1123 2608 M.
1136 2544 1251 2621 Bruto,
1266 2541 1306 2607 G.
1321 2540 1478 2608 Cassium

381 2645 612 2710 Romanorum
639 2646 790 2710 ultimum
817 2645 993 2713 dixisset:’
1029 2652 1069 2712 ut
1095 2645 1220 2712 ibidem
1249 2645 1388 2710 Tacitus
1418 2645 1479 2708 ait.

380 2745 484 2822 Quod
507 2747 538 2810 si
561 2749 638 2831 quis
661 2747 822 2831 objectet,
843 2749 961 2813 mirum
984 2749 1084 2831 igitur
1099 2767 1190 2826 esse,
1214 2747 1245 2812 si
1263 2746 1305 2824 ie,
1331 2745 1389 2828 qui
1404 2743 1478 2811 Au-

378 2846 491 2926 gustei
517 2848 583 2912 aevi
607 2848 738 2912 consuli
761 2849 937 2915 familiaris
960 2851 1037 2928 fuit,
1061 2850 1204 2914 dictione
1223 2853 1344 2925 utatru,
1366 2849 1479 2930 qualis

378 2948 614 3030 sesquisaeculi
629 2956 712 3034 post
726 2950 808 3016 fuit:
830 2952 973 3034 primum
987 2953 1109 3030 dicam,
1121 2971 1181 3015 nec
1198 2950 1258 3016 illo
1273 2969 1348 3015 aevo
1364 2969 1477 3014 omnes

309 3121 316 3129 ,
377 3055 465 3112 terse
481 3050 566 3115 satis
582 3052 738 3133 locutos;
760 3060 886 3118 namet
903 3056 975 3138 jam
996 3051 1113 3118 Cicero
1124 3053 1160 3116 in
1175 3051 1283 3116 Bruto
1303 3050 1480 3134 conqueri·

376 3155 439 3226 tur,
462 3153 553 3234 quod
568 3156 715 3237 receptis
737 3156 773 3218 in
792 3158 963 3220 civitatem
987 3161 1038 3218 tot
1058 3156 1190 3229 exteris,
1215 3153 1385 3232 corrumpi
1407 3170 1479 3215 coe·

375 3251 484 3332 piseet
498 3254 636 3314 nativus
657 3255 715 3316 ille
729 3255 822 3317 color
849 3254 1012 3317 sermonis
1027 3253 1185 3315 Romani.
1229 3250 1377 3328 Quodsi
1392 3250 1479 3312 illud

373 3349 484 3414 minus
496 3351 677 3430 satisfacit,
689 3352 771 3435 qnid
787 3354 817 3416 si
829 3353 952 3427 dicam,
960 3351 1114 3428 fortasse,
1125 3358 1161 3414 nt
1170 3372 1236 3416 non
1246 3351 1405 3430 Trogum,
1417 3348 1480 3412 sed

373 3448 555 3531 Epitomen
580 3451 686 3534 Trogi
706 3453 879 3526 habemus,
908 3451 957 3512 ita
977 3467 1040 3510 nec
1064 3449 1243 3514 Valerium
1267 3455 1395 3527 extare,
1419 3449 1479 3514 sed

371 3545 547 3631 Epitomen
569 3552 653 3635 ejus,
682 3573 782 3638 quam
808 3552 927 3618 Julius
949 3547 1046 3610 Paris
1071 3550 1341 3618 concinnaveritl
1386 3550 1478 3616 Nam

370 3648 505 3715 videtur
526 3654 556 3717 is
577 3654 702 3720 secisse
717 3654 847 3721 Valerii
864 3647 1059 3732 Epitomen·
1105 3645 1210 3723 Quod
1226 3654 1257 3717 si
1265 3651 1424 3718 Valerius
1439 3651 1481 3715 li·

368 3751 462 3814 brom
485 3753 528 3817 de
548 3754 773 3822 Romanorum
795 3750 993 3819 nominibus
1016 3748 1115 3826 secit;
1138 3769 1289 3840 eumque
1312 3754 1480 3820 Memora·

367 3847 485 3914 bilium
498 3855 590 3919 libris
599 3858 755 3942 subjecit:
777 3855 885 3939 hujus
901 3869 1033 3934 qnoque
1050 3847 1237 3946 Epitomen
1253 3857 1398 3941 scripsit.
1420 3857 1481 3921 Sin

362 3945 443 4012 nihil
457 3952 622 4034 ejusmodi
641 3957 747 4045 (quod
764 3958 878 4024 multo
891 3951 1005 4018 verius
1020 3948 1124 4034 puto)
1140 3951 1307 4024 Valerius
1321 3958 1480 4025 ediderit:
1535 4000 1541 4012 ι

361 4046 436 4126 ipse
461 4050 568 4132 Paris,
592 4065 627 4123 ut
647 4063 765 4127 melius
786 4055 1035 4139 intelligeretur
1051 4050 1231 4130 Valerius,
1252 4059 1371 4124 librum
1394 4062 1480 4126 hunc

359 4155 565 4231 composuit:
595 4160 668 4243 ejus
682 4172 797 4230 antem
815 4158 1007 4242 Epitomen
1027 4151 1110 4216 fecit
1135 4150 1178 4213 C.
1193 4151 1310 4224 Titius
1331 4163 1478 4230 Probus:
