3266 5174
327 460 407 506 eur.
425 460 458 506 v.
483 459 530 506 nu
555 459 823 508 neuennrrnrn
849 463 896 510 nr
919 464 1167 517 runoenurrl.
1232 454 1298 518 269

100 633 110 644 -
201 601 311 684 penis,
327 609 428 665 esset.
465 601 615 684 Ideoque
626 603 661 666 in
677 603 854 667 sacrificiis
869 606 970 682 mole,
982 627 1058 689 quae
1073 612 1299 689 vocabatur,¹⁴

204 721 247 764 ex
263 701 348 766 farre
370 708 402 767 et
416 703 486 766 sale
501 709 649 793 constet:
672 711 754 768 exta
779 705 866 768 farre
892 715 1107 788 sparguntur:
1131 716 1164 772 et
1186 713 1297 794 pullis,

202 803 322 884 quibus
338 805 489 886 auspicia
512 811 682 887 petuntur,
696 806 774 888 puls
789 807 984 890 objicitur.¹⁵
1030 809 1189 874 Primitus
1209 814 1295 876 enim

202 920 247 964 ex
262 903 474 969 libamentis'
495 906 607 971 victus
620 908 673 970 sui
688 907 786 972 Deos
810 928 851 972 eo
876 907 1058 986 efficacius,
1081 931 1149 994 quo
1167 913 1296 997 simpli·

202 1005 288 1082 eius,
302 1005 507 1086 placabante
519 1005 545 1045 ¹⁶
620 1027 625 1034 ·

237 1107 269 1169 6.
292 1105 337 1170 Et
350 1114 482 1171 ceteros
505 1107 640 1190 quidem
659 1107 703 1172 ed
727 1108 1006 1174 benefaciendum
1033 1114 1312 1186 venerabuntur„

200 1207 341 1271 Febrem
356 1216 466 1272 eutem
493 1207 535 1272 ad
560 1211 670 1273 minus
696 1209 894 1289 nocendum,
920 1213 1055 1294 templis
1080 1215 1292 1281 colebantz¹⁷

197 1328 338 1391 quorum
349 1309 459 1374 adhuc
472 1330 575 1374 unum
589 1312 624 1375 in
639 1311 783 1390 Palatio,
809 1313 949 1376 alterum
972 1314 1005 1377 in
1023 1333 1100 1379 eree
1118 1316 1293 1381 Mariano·

196 1419 297 1474 rum'
317 1417 611 1488 monumentorum,
634 1413 771 1476 tertium
798 1412 832 1475 in
857 1431 987 1476 summa
1002 1420 1096 1496 parte
1110 1413 1189 1480 Vici
1203 1418 1295 1499 longi

195 1519 302 1578 extet.
326 1513 366 1577 In
381 1533 489 1596 eaque
504 1513 663 1592 remedia,
679 1507 758 1596 quie
772 1514 971 1596 corporibus
987 1533 1147 1596 aegrorum
1164 1536 1295 1584 annexa

195 1614 340 1691 suerent,
356 1613 599 1696 deferebantur.
645 1613 734 1678 Haec
759 1612 973 1694 adhumanas
988 1615 1109 1679 mentis
1125 1624 1228 1683 aestus
1242 1620 1291 1684 le-

195 1715 335 1781 niendos
350 1735 425 1779 curn
446 1715 562 1797 eliqua
576 1735 659 1780 usus
673 1716 802 1782 ratione
817 1716 1011 1798 excogitate
1021 1715 1053 1796 3*
1075 1723 1225 1782 ceterum
1239 1740 1293 1784 se-

194 1817 385 1882 lubritatem
413 1835 509 1881 sunm
522 1816 695 1882 industrior
711 1818 899 1883 certissimo
914 1836 955 1880 ac
971 1815 1169 1886 fidelissimo
1185 1821 1293 1884 muni·

195 1916 343 1980 mento¹⁸
378 1919 574 1982 tuebantur:
612 1919 778 2000 benseque
807 1917 1010 1983 valetudinis
1047 1935 1162 1981 eorum
1193 1924 1293 2000 qussi

194 2016 351 2097 quendem
363 2022 468 2080 mater
482 2021 556 2080 eret
566 2017 748 2097 frugalitas,
763 2017 902 2081 inimice
916 2018 1099 2081 luxuriosis
1115 2018 1240 2101 epulis,
1259 2024 1292 2082 et

194 2115 304 2182 aliene
317 2116 431 2180 uimiae
446 2116 515 2180 vini
538 2115 765 2193 abundantiae,
784 2121 818 2181 et
843 2117 886 2181 ab
912 2116 1129 2182 immoderato
1152 2115 1292 2182 Veneris

195 2236 401 2283 usneverse.

225 2388 239 2422 8
258 2380 322 2430 Olim
330 2380 454 2443 placabant
465 2379 539 2441 Deos,
551 2369 605 2428 ¹illis
623 2378 742 2442 offerendo
750 2378 873 2442 primitias
883 2377 941 2442 cidi,
951 2391 995 2441 quo
1012 2382 1171 2440 vescerentur,
1189 2381 1213 2427 et
1225 2381 1291 2426 tonte

138 2504 140 2508 ι
194 2445 317 2508 meins,
326 2459 371 2507 quo
379 2444 510 2506 simplicius
519 2443 628 2504 agebunt

225 2507 279 2558 *Is
290 2506 443 2572 eaqneselrris
451 2509 546 2570 templs,
555 2513 607 2570 post
618 2512 776 2570 recuperatam
783 2506 948 2564 suetudinem,
956 2505 1113 2567 portarentur
1118 2505 1230 2566 raedis,
1238 2519 1291 2566 quae

184 2570 287 2630 fuerant
297 2587 414 2633 regnorum
424 2572 559 2634 corporibus
568 2572 701 2634 applicato:
718 2572 768 2620 hoee
778 2572 875 2621 invento
886 2569 1080 2621 nonsummum
1090 2583 1143 2634 usu,
1153 2575 1176 2619 et
1187 2569 1291 2631 ingenio,

192 2639 224 2686 sd
233 2639 346 2687 sedandos
355 2637 441 2686 nimios
451 2636 686 2699 nannetensem
696 2641 777 2684 oestus.

642 2742 821 2763 WNJO

191 2820 312 2868 Perizon.
323 2819 419 2884 Ultrsj.
431 2823 456 2868 1.
466 2824 492 2868 2.
504 2819 565 2868 Vet.
576 2824 603 2867 et
614 2819 751 2881 Mog.-ld
769 2818 873 2880 Lipsius
881 2818 933 2880 legi
945 2817 1017 2866 molit
1027 2820 1134 2875 ematur,
1151 2819 1181 2862 ut
1191 2812 1217 2862 in
1226 2813 1289 2863 Vet.

192 2883 300 2931 Venett.
319 2889 347 2930 et
367 2883 456 2931 Chalc.
476 2882 544 2946 qnod
566 2882 652 2944 placer
669 2881 748 2929 etiarn
767 2882 888 2944 Gnyeto;
908 2887 935 2930 et
954 2882 980 2930 in
998 2883 1068 2930 nullo
1088 2879 1179 2929 eodlce
1197 2885 1288 2926 extet:

192 2946 286 2996 erern.
299 2950 321 2994 1.
331 2949 355 2994 2.
368 2951 392 2994 3.
405 2953 433 2996 et
445 2947 528 2995 Bitur.
539 2951 561 2995 l.
572 2945 725 3002 emelotam
741 2945 822 2991 sedin
835 2951 967 3006 postremo
984 2945 1035 2992 elie
1052 2956 1140 3003 menn,
1155 2941 1290 2990 nocebatur.

192 3009 251 3058 Hoe
264 3023 313 3058 non
326 3011 413 3071 placet
422 3009 535 3071 Kuppio.
568 3009 664 3072 Ultrsj.
678 3012 701 3055 1.
711 3008 772 3054 molo
782 3006 901 3066 utebatur,
917 3021 970 3068 ques
985 3021 1015 3054 ex
1028 3021 1098 3068 aquo,
1109 3005 1189 3065 serre,
1206 3003 1290 3052 etrele

192 3077 284 3122 constot
293 3088 302 3129 ,·
318 3073 391 3122 Leid.
399 3078 424 3123 6.
436 3074 497 3120 molo
508 3078 531 3120 et
543 3087 573 3120 ex
582 3072 654 3130 forre
665 3075 689 3118 et
699 3071 747 3117 sule
757 3075 857 3118 constat.
890 3069 1028 3118 Torrenius
1040 3069 1130 3115 molit:
1147 3072 1171 3114 et
1182 3066 1288 3138 essone

192 3137 323 3196 stensele,
340 3138 381 3186 rel
401 3135 513 3196 exserte
531 3141 555 3184 et
575 3136 633 3194 sole,
649 3133 691 3182 vel
710 3133 779 3196 quod
800 3133 826 3180 in
842 3132 939 3194 Ultrej.
959 3137 981 3181 l.
1002 3137 1051 3180 est.
1085 3130 1149 3178 Mox
1168 3129 1288 3176 Brtur.l.

192 3208 365 3263 aspergentem
381 3200 462 3250 Berb.
475 3204 498 3249 l.
509 3201 744 3262 aspergentem—15
761 3196 834 3245 Voss.
843 3197 959 3258 pullisque
969 3195 1009 3258 iis,
1018 3193 1101 3256 quidus
1109 3193 1162 3256 puls
1171 3191 1289 3250 0111111111.

192 3270 257 3314 -to
274 3266 367 3315 Vati.
379 3264 754 3328 quosiimplieiusnoeobontel'l
771 3260 835 3308 Toll.
849 3266 876 3309 et
886 3259 961 3309 Leid.
973 3263 996 3309 Β.
1013 3259 1041 3307 in
1060 3257 1155 3320 templis
1172 3255 1286 3331 condant.

193 3329 295 3378 Deinde
314 3330 339 3378 in
358 3325 439 3391 marg}
457 3327 558 3376 notavit
577 3327 695 3386 Pighius,
711 3325 835 3388 quosdam
856 3324 934 3374 codd.
952 3321 1107 3372 habereris
1128 3334 1218 3368 summ
1233 3318 1288 3367 Vico

192 3393 269 3454 longo,
285 3392 455 3456 probantibus
467 3392 559 3441 Colere
571 3397 599 3440 et
608 3391 731 3450 Vorsti03
748 3388 817 3452 qnod
828 3402 879 3438 non
896 3389 971 3452 plene
990 3387 1098 3435 damnet
1108 3382 1289 3436 Terrenum.-

193 3460 224 3505 le
241 3457 284 3505 lte
296 3456 378 3506 edidit
389 3457 512 3520 Pighius3
530 3455 625 3516 Copes.
636 3453 732 3516 Ultraj.
744 3459 767 3501 1.
779 3457 804 3501 2.
825 3460 934 3516 quotuor
946 3450 1036 3501 Leidd.
1057 3448 1137 3498 Berb.
1149 3454 1172 3496 1.
1183 3453 1210 3496 et
1222 3446 1288 3495 Tell.

192 3534 249 3569 curn
262 3520 322 3569 Vet.
334 3522 406 3584 Meg.
418 3521 524 3571 Venett.
536 3523 558 3569 1.
567 3523 592 3570 2.
603 3523 627 3568 8.
639 3523 664 3568 4.
675 3523 699 3568 5.
718 3515 826 3566 Mediol.
839 3521 861 3567 1.
873 3521 899 3566 2.
909 3515 973 3565 Ald.
984 3515 1055 3577 Meg.
1065 3518 1090 3564 tl.
1110 3512 1168 3562 ollis
1181 3511 1287 3571 hebent,

192 3590 348 3634 monumento.

687 3644 793 3696 NOTAE

223 3744 409 3808 vtilsmmtn]
426 3745 518 3794 Libere
529 3750 570 3793 est
579 3749 679 3808 partem
689 3750 717 3791 et
759 3746 813 3790 turn
831 3739 963 3790 victimam
984 3733 1146 3788 meetsndem
1163 3730 1287 3782 ministris

191 3820 317 3882 primitiss
325 3821 380 3870 Diis
389 3818 508 3869 fundere.
527 3820 641 3868 Peracta
649 3818 717 3868 enirn
758 3814 849 3865 dabat.

192 3895 373 3964 immolatione,
385 3910 442 3959 quse
456 3909 503 3958 per
514 3892 601 3957 fruges
617 3899 645 3942 et
663 3907 717 3942 mo-
789 3896 805 3922 ⁸¹
831 3889 895 3938 Areu
916 3887 1094 3950 Mammam]
1118 3885 1232 3949 Tropaes
1255 3883 1286 3934 0.

190 3969 241 4019 laur
254 3973 345 4022 selsam
361 3970 450 4032 fiebat,
468 3971 564 4030 riuum,
581 3975 717 4032 antequem
758 3965 836 4014 Marii
852 3965 921 4014 bello
936 3965 1065 4014 Cimbrico
1085 3969 1248 4027 portuense
1271 3971 1286 4007 a

192 4053 380 4109 aspergeretur,
389 4045 653 4108 eumSneerdosipse‚
663 4051 717 4092 turn
758 4042 830 4106 Sylla
851 4041 969 4106 disjecta,
986 4057 1002 4090 e
1021 4041 1125 4090 Caessre
1150 4039 1286 4089 Dictatore

193 4125 306 4170 srtsnres
322 4122 487 4183 delibsbsnt3
503 4121 597 4171 deinde
617 4121 717 4174 evulsss
756 4120 903 4170 instaurate
921 4124 1047 4169 memoret
1065 4118 1214 4181 Suetonius,
1233 4130 1285 4166 non

192 4207 207 4242 e
220 4195 321 4246 vletlme
332 4209 411 4259 seras,
430 4206 548 4263 tanquam
561 4197 645 4262 prims
656 4196 718 4247 libn-
756 4197 848 4260 procul
862 4195 930 4246 svis
941 4195 1113 4246 Praenestine.

191 4269 401 4335 utins‚8seerdos
413 4273 568 4338 projiciebat
577 4274 602 4324 in
614 4273 716 4337 ignem
