3224 5162
316 415 381 484 22⁰
627 428 786 478 venenu
812 428 956 476 unxrur
982 429 1053 478 crs.
1076 430 1099 476 r.

318 576 376 659 qui
391 574 425 638 in
438 573 550 636 funere
573 567 690 632 matris
716 586 788 632 sues
811 574 905 630 utero
930 567 1078 649 elapsus,
1105 568 1281 651 inopinato
1296 570 1408 652 vagitu

318 693 380 739 suo
395 673 516 735 lectum
529 668 670 731 ferentes
684 666 868 730 consistere
884 665 1007 748 coligit,
1026 687 1217 750 novumque
1232 676 1410 752 spectacu-

317 775 384 838 lum
399 768 517 852 pstriae
531 767 688 850 praebuit,
702 773 831 830 tentum
846 764 950 829 non⁶⁹
972 785 1019 829 ex
1041 767 1119 849 ipso
1144 770 1314 848 genitricis
1328 789 1409 852 rogo

316 873 424 936 lucem
449 873 483 932 el
505 887 608 932 cunas
631 872 826 930 assecutus:
869 865 995 930 Eodem
1019 867 1106 930 enirn
1133 874 1301 932 momento
1331 875 1412 933 tern-

316 969 423 1054 poris,
438 969 547 1034 alters
556 967 629 1052 jorn
642 966 711 1032 isto
726 965 843 1030 functe
858 967 960 1050 perit,
976 967 1151 1032 alternate
1167 968 1284 1044 elatus,
1309 987 1412 1050 quem

317 1079 417 1137 notus
433 1075 505 1134 est*
733 1147 739 1152 ,
1342 1125 1353 1146 ,

361 1172 393 1236 6.
416 1169 550 1235 Divinae
578 1168 721 1233 tortunee
745 1169 863 1234 vulnus
890 1169 1068 1236 Pheraeo⁷⁰
1097 1169 1238 1234 tasoni*
1274 1169 1411 1251 quidem

319 1274 416 1339 exitii
446 1270 521 1354 ejus
557 1269 701 1353 cupidus
733 1270 873 1335 intulit·
932 1267 1022 1334 Nom
1054 1290 1131 1335 cnm
1156 1271 1242 1335 inter
1267 1270 1411 1335 insidias

319 1373 429 1457 gladio
442 1391 516 1437 enm
539 1371 772 1454 percussisset,
785 1371 976 1448 vomicam,⁸
997 1389 1075 1453 quse
1102 1390 1123 1435 s
1151 1371 1243 1435 nullo
1262 1372 1412 1436 medico·

318 1493 391 1539 rum
406 1472 517 1537 sensti
531 1474 700 1554 potuerat,
724 1471 773 1536 ite
785 1472 885 1555 rupit,
901 1480 939 1536 ut
953 1471 1122 1536 hominem
1147 1472 1308 1555 pestifero
1323 1471 1411 1536 malo

318 1575 488 1639 liberaret.

362 1676 395 1739 7.
417 1674 527 1755 AEque
541 1671 619 1737 Diis
633 1672 877 1738 immortalibus
897 1680 1059 1756 acceptus
1085 1672 1295 1752 Simonides*
1318 1673 1414 1756 cujus

320 1774 413 1838 salus
435 1776 478 1838 ab
502 1773 687 1837 imminenti
708 1774 850 1837 exitio⁷¹
876 1771 1028 1848 defense,
1053 1774 1156 1836 ruinee
1183 1791 1315 1855 quoque
1335 1772 1413 1836 sub·

321 1881 431 1941 tracta
444 1879 516 1940 est!
561 1873 717 1938 Ooenanti
742 1873 829 1936 enim
846 1873 938 1956 apud
952 1873 1127 1956 Scopam,¹²
1148 1873 1182 1936 in
1199 1872 1414 1950 (hanone,⁷2v

355 2061 365 2089 ⁸
384 2057 415 2106 In
425 2056 475 2119 ipro
486 2053 560 2103 locuto
569 2052 653 2102 metris
662 2052 736 2101 eitum
744 2050 842 2113 incenit,
851 2057 874 2101 et
884 2051 949 2100 iliius
958 2052 1066 2114 pheretro
1074 2066 1117 2115 pro
1127 2051 1193 2100 mnis
1202 2065 1258 2100 mus
1267 2055 1311 2100 est.

355 2123 365 2153 ⁸
381 2120 446 2169 Peter
454 2119 544 2182 primm
552 2123 662 2180 pomutm
672 2121 708 2165 ert
716 2118 747 2165 od
757 2131 840 2176 rogum
851 2132 903 2165 eum
913 2122 997 2175 moire,
1012 2132 1080 2178 quum
1089 2121 1159 2165 nutes
1169 2120 1213 2166 est.

356 2192 371 2215 ¹·
389 2183 492 2257 Quidum
507 2183 601 2257 cupient
614 2182 719 2231 cecidere
728 2182 838 2230 doronem
849 2180 973 2230 Phrroetm
989 2181 1083 2244 inflixit
1098 2181 1136 2230 itti
1149 2181 1232 2228 eninm
1250 2179 1376 2243 optandum
1393 2181 1417 2227 et

322 2247 577 2358 wddtddtt'wtd‘ddntdm
586 2308 687 2356 ditem
696 2305 773 2380 fvii-⁰
783 2306 840 2354 Diis
850 2305 1029 2380 immortulihrs,
1045 2320 1115 2378 quum
1124 2307 1198 2377 Joson
1205 2321 1214 2352 .-
1222 2271 1282 2352 Ἱειιιιι
1292 2304 1358 2379 illius
1367 2305 1418 2354 oito

324 2375 408 2435 erepte
419 2386 434 2420 o
445 2377 509 2422 certo
518 2372 620 2434 periculo
631 2369 763 2429 numrogrr,
779 2373 914 2416 conservata
923 2373 994 2416 mrum
1000 2365 1080 2424 ssent
1089 2382 1104 2414 o
1112 2381 1183 2416 menn
1192 2369 1311 2416 renuente.

778 2473 958 2495 ‘omnum

326 2571 387 2614 sunt
398 2579 471 2614 cnm:
488 2575 572 2609 nomm
582 2557 735 2620 spectaculum
743 2553 854 2618 proisit,
870 2569 929 2605 nem
941 2570 986 2619 qne
1003 2555 1028 2604 in
1044 2570 1129 2606 nouom
1146 2555 1283 2606 delendum
1304 2563 1382 2669 etlpue
1402 2573 1419 2608 e

324 2629 436 2678 librariis
448 2626 480 2674 oh
492 2622 642 2687 precedens
661 2621 740 2680 reicit
756 2619 874 2667 additum
893 2634 951 2669 esse
969 2627 1048 2683 puto:
1065 2635 1109 2683 que
1124 2621 1215 2669 delent
1232 2622 1310 2669 etiem
1348 2622 1419 2684 nnj.

326 2693 400 2754 prim.
411 2688 498 2738 Periz.
509 2695 536 2735 et
547 2687 623 2735 Voss.
634 2684 747 2746 itemque
759 2684 821 2731 Vet.
854 2683 889 2732 Et
900 2684 936 2732 sic
948 2683 1014 2734 bene
1026 2683 1144 2746 procedit
1154 2685 1248 2733 oretis.
1281 2685 1421 2747 Propitiis

318 2756 418 2812 sonere,
427 2752 499 2799 multi
511 2751 574 2799 Mss.
586 2755 614 2796 et
624 2749 685 2796 Vel.
696 2748 755 2809 quod
767 2745 895 2809 instruere,
912 2747 967 2796 sine
980 2747 1058 2796 dnbio
1076 2749 1136 2811 quie
1154 2747 1182 2796 rh
1199 2748 1241 2810 otri
1260 2748 1422 2812 precedenti

323 2817 402 2873 otigo,
419 2827 470 2876 quo
482 2810 642 2873 referebant,
657 2825 708 2860 non
720 2810 862 2858 convenire
873 2810 1004 2861 videbant.
1037 2811 1074 2861 At
1085 2811 1245 2860 retinendum
1260 2812 1316 2875 poi?
1333 2812 1420 2876 Kspp.

324 2876 434 2938 Pighius
446 2877 516 2937 conj.
526 2874 604 2934 fortir
615 2881 638 2923 et
648 2874 707 2922 eluti
720 2873 774 2932 filit
784 2874 852 2934 origo
859 2890 869 2932 ,·
886 2882 913 2924 st
933 2875 1032 2924 edidit:
1042 2875 1121 2935 sortis
1137 2876 1185 2926 tiri
1197 2878 1262 2925 eluto
1272 2877 1325 2936 snit
1344 2878 1419 2939 origo.

323 2939 446 2989 vorstius
458 2939 524 3002 conj.
535 2937 612 2998 sortis
622 2943 644 2986 et
656 2938 715 2986 eluti
725 2939 788 2986 miro
798 2940 874 3001 origo,
891 2945 921 2987 nt
931 2937 1069 3002 oiri-modo
1079 2941 1105 2988 in
1121 2941 1183 2990 mire
1198 2948 1321 2991 mutetur.
1352 2941 1420 2990 Not·

324 3011 393 3053 trsm
405 3003 543 3052 lectionem
555 3009 685 3051 testentur
697 3001 794 3052 Brund.
806 3006 830 3051 1.
842 3006 867 3051 2.
880 3011 908 3051 et
918 3003 1071 3053 Terrenisni
1082 3004 1114 3053 sd
1129 3019 1207 3055 unnm
1225 3019 1321 3055 omnes.
1355 3003 1420 3055 Mox

322 3066 432 3130 Pighius
444 3066 535 3128 edidit,
550 3067 636 3114 metris
647 3071 714 3114 utero
721 3080 731 3122 ,·
748 3074 775 3115 at
787 3079 874 3114 omnes
886 3067 975 3128 scripti
988 3077 1015 3116 et
1026 3066 1100 3130 editi,
1117 3071 1200 3118 metris
1210 3083 1258 3118 rme
1268 3074 1342 3119 utero.
1375 3068 1420 3117 Se·

324 3147 406 3196 quens
414 3146 457 3178 sno
466 3130 539 3179 deest
550 3130 576 3177 in
586 3131 668 3179 tribus
676 3131 782 3179 Torren.
798 3128 881 3178 Porto
890 3131 1012 3195 quinque,
1020 3137 1084 3182 sture
1094 3133 1244 3193 erigit—69
1256 3132 1352 3182 Omnes
1363 3130 1419 3180 lere

324 3195 401 3244 codd.
413 3209 459 3244 nott
471 3197 562 3243 tontum
570 3209 580 3251 ,·
597 3195 622 3240 in
635 3195 692 3243 Sus.
703 3193 849 3242 omittitur:
867 3194 894 3241 ln
905 3194 965 3244 edd.
978 3201 1042 3244 vett.
1061 3211 1106 3244 oon
1121 3201 1216 3247 tomen:
1232 3198 1259 3245 in
1277 3198 1347 3246 Dan.
1367 3201 1419 3245 ton-

322 3265 374 3308 tum
385 3273 438 3307 nott.
472 3255 607 3312 Nonnulli,
623 3260 664 3306 sed
682 3261 706 3305 et
723 3270 811 3313 cunm
828 3256 880 3319 alii,
897 3260 937 3306 sed
955 3259 1026 3307 etium
1045 3275 1125 3321 mnus,
1142 3261 1207 3308 utin
1218 3259 1279 3309 Atd.
1298 3264 1347 3309 &m
1367 3260 1420 3321 elii,

324 3328 349 3370 et
359 3337 440 3380 curor,
457 3324 524 3370 utin
536 3319 633 3382 Ultrsj.
644 3325 667 3368 1.
680 3325 704 3370 2.
737 3321 802 3368 Mox
813 3321 886 3368 multi
897 3320 1003 3384 hahent,
1013 3322 1069 3381 fato
1079 3323 1167 3382 functo
1186 3325 1269 3384 periit,
1285 3331 1314 3372 ut
1334 3331 1373 3371 est
1391 3323 1419 3370 in

322 3385 461 3447 Motu—70
483 3383 638 3433 octodecim
661 3382 736 3432 codd.
759 3383 884 3441 Phedreo,·
908 3385 1003 3494 Ultrsp‘).
1026 3389 1049 3432 l.
1066 3385 1208 3443 Phoedriut,⁸
1234 3385 1279 3432 sed
1299 3386 1374 3436 leid.
1392 3392 1419 3435 6.

322 3449 432 3507 Pheres,
450 3447 498 3496 nisi
510 3447 578 3511 qnod
591 3447 735 3508 neglexerit
750 3445 947 3510 diphthongum.
1003 3461 1061 3494 orto
1078 3449 1171 3508 quidum
1190 3447 1280 3496 delent
1290 3449 1383 3513 Ultruj.
1396 3455 1419 3498 t.

323 3515 349 3560 2.
361 3519 390 3560 et
403 3511 492 3559 Rhem.
505 3516 528 3560 1.
538 3515 562 3559 2.
574 3526 588 3559 u
599 3511 661 3558 nullo
673 3510 760 3559 medico
772 3509 798 3558 in
811 3510 905 3572 (iopes.
919 3514 1012 3573 poterut
1022 3510 1047 3556 in
1059 3524 1105 3557 sex
1116 3510 1245 3560 aliis-tl
1261 3511 1293 3560 In
1305 3514 1374 3562 Dan.
1392 3518 1420 3560 et

323 3574 385 3623 Vet.
398 3575 472 3639 officio
484 3588 532 3636 pro
543 3571 634 3622 exitio:
650 3573 674 3619 iu
686 3576 752 3635 eliis,
768 3575 905 3634 naufragio.
938 3573 1038 3634 Lipsius
1048 3573 1184 3636 sequentia
1194 3576 1328 3625 connexim
1345 3577 1418 3637 legit,

322 3637 419 3697 defenso
430 3638 548 3700 ruineqne
558 3637 678 3685 othtrocto
689 3641 740 3684 est.-
757 3636 784 3684 in
796 3637 858 3686 Pur.
873 3642 896 3685 1.
912 3635 941 3684 nh
951 3636 1082 3686 imminenti
1093 3637 1163 3686 ruine
1172 3639 1290 3689 subtracta
1303 3646 1338 3689 est
1344 3655 1355 3695 ,·
1370 3635 1415 3683 ted

815 3748 841 3796 N
844 3746 924 3796 OTAE

323 3853 365 3896 est
376 3861 407 3896 ec
429 3845 519 3907 rhetor
535 3841 728 3906 celeberrimus,
739 3843 782 3907 qni
802 3844 851 3893 Le-
891 3848 940 3895 &e

324 3920 497 3970 ontinnsfnit.
922 3921 1076 3985 'Vomienm]
1104 3918 1415 3979 Ulcusertlstens,quod

355 4003 365 4027 ¹
383 3997 482 4044 Pheroeo
500 3993 597 4056 duceni]
623 3993 788 4044 Pheraeornur
812 4002 852 4058 ty·
891 3997 1025 4059 seniensi
1036 4006 1149 4058 evomet,
1160 3991 1373 4045 vomicedicitur.

324 4081 414 4128 renuo,
426 4068 458 4117 de
474 4083 524 4132 quo
541 4076 641 4132 postes.
675 4070 761 4118 Phern
779 4069 852 4132 oppi·
923 4070 1085 4130 tSr'nmoirter]
1103 4069 1133 4117 td
1146 4067 1258 4114 Pindaro
1268 4065 1360 4114 tribuit
1370 4065 1417 4116 So·

324 4140 386 4188 dnm
396 4143 536 4192 Tlresssliae
547 4145 579 4192 ed
592 4145 741 4195 Boebeidem
753 4146 852 4193 iseum:
891 4143 975 4202 linns;
1000 4142 1124 4190 Simonidi
1135 4140 1226 4190 Cicero
1243 4147 1271 4190 et
1283 4140 1419 4192 Quintilis.

325 4213 383 4266 elie
396 4213 422 4262 in
438 4214 536 4280 Attice,
546 4217 737 4282 Peloponneso,
748 4218 851 4280 Apulis,
892 4228 948 4264 nos.
