3224 5162
325 429 392 492 222
639 411 796 483 vnnunr'r
822 433 965 479 unxrnr
992 430 1065 480 nin.
1087 435 1111 480 1.

324 588 451 654 tionis:
474 579 665 662 Apollinem
696 575 838 657 Delphis
868 572 1025 636 irridendi
1052 593 1156 637 causa
1166 584 1193 624 ⁷⁷
1227 573 1421 652 consuluit:

324 687 401 751 ‘An
414 701 536 765 equum
558 680 702 744 invenire
716 680 835 758 posset
845 673 870 737 i'
893 693 968 737 cum
993 677 1129 738 omnino
1142 675 1269 738 nullum
1286 676 1422 739 habuis-

325 783 415 851 set.⁷⁸
439 781 543 864 Cujus
553 799 598 844 ex
607 779 743 842 oraculo
759 776 891 840 redditu
899 795 966 840 vox
975 784 1039 853 est,
1051 775 1277 839 ‘inventorum
1286 796 1421 858 equum,

323 885 383 950 sed
404 891 443 947 ut
459 901 499 946 eo
523 879 769 963 perturbatus⁷⁹
797 875 939 959 periret!
990 877 1072 940 Inde
1095 895 1170 939 cum
1189 877 1419 960 jocabundus,

323 986 423 1068 quasi
437 983 554 1047 delusa
569 999 737 1045 sacrarum
754 980 893 1042 sortium
903 977 980 1055 fide,
996 985 1227 1052 reverteretur,
1252 977 1372 1042 incidit
1386 981 1419 1042 in

322 1106 432 1168 regern
449 1083 623 1157 Attalum,e
644 1098 875 1163 saepenumero
892 1099 914 1143 a
929 1099 965 1142 se
981 1080 1228 1143 contumeliosis
1243 1080 1344 1144 dictis
1360 1080 1419 1142 ab·

323 1183 487 1251 sentem⁸0
507 1181 703 1246 lacessitum
716 1201 724 1260 ;
746 1180 887 1263 ejusque
899 1179 1012 1263 jussu,
1029 1199 1127 1256 saxo,
1141 1181 1198 1244 cui
1213 1199 1333 1243 nomen
1348 1185 1419 1243 erat

323 1281 435 1368 Εῳιὶξ1
456 1284 696 1368 praecipitatus
717 1281 760 1344 ad
783 1282 878 1344 Deos
905 1299 1011 1363 usque
1032 1282 1237 1345 cauillandos
1252 1280 1420 1344 dementis

262 1373 265 1380 ⁵
321 1387 421 1450 animi
431 1386 526 1469 justa
542 1382 713 1465 supplicia
727 1383 912 1466 pependit!

361 1489 394 1551 9.
417 1485 547 1549 Eodem
562 1483 698 1548 oraculo
723 1483 950 1548 Macedonum
966 1501 1027 1547 rex
1042 1483 1246 1566 Philippus·
1269 1482 1416 1546 admoni-

320 1595 387 1666 ωε,
409 1591 466 1650 ‘ut
481 1605 502 1650 a
517 1585 687 1667 quadrigae
702 1585 860 1650 violentia
876 1585 1015 1648 salutem
1029 1602 1126 1646 suam
1141 1584 1335 1659 custodiret,
1344 1589 1417 1647 toto

318 1707 420 1771 regno
435 1686 578 1770 disjungi
593 1685 726 1749 currus'
742 1685 854 1768 jussit,
878 1703 1020 1765 eumque
1034 1685 1158 1760 locum,
1175 1686 1233 1767 qui
1256 1685 1288 1748 in
1311 1685 1415 1746 Boeo·

320 1785 409 1854 tia⁸¹f
420 1787 590 1868 Quadriga
605 1793 756 1863 vocatur,
764 1803 896 1867 semper
911 1784 1048 1848 vitavit:
1059 1803 1124 1846 nec
1141 1787 1254 1848 tamen
1266 1783 1418 1846 denunti·

349 2013 362 2038 ⁸
378 2005 424 2056 Ille
433 2019 486 2055 cum
495 2007 555 2054 erret
565 2005 665 2054 morum
673 2009 697 2052 et
706 2003 810 2065 ineptam
818 2001 949 2063 opitiorum
959 2001 988 2050 dr
998 1999 1053 2054 liiii
1062 1999 1176 2058 lebenti
1193 1999 1309 2050 muniuit
1318 1999 1418 2062 Daetptts

318 2069 459 2132 Apollinem,
474 2067 576 2118 utillum
585 2069 706 2117 irrideret.
889 2128 895 2139 ι

321 2141 365 2244 eft
380 2134 493 2244 Pdnidd'r
499 2138 535 2244 ‘dt
550 2132 663 2196 supplicio
680 2133 742 2194 guod
751 2130 818 2190 juste
837 2133 935 2177 rrmtur
947 2126 1031 2184 suerat
1050 2131 1129 2176 mente
1146 2128 1203 2177 odeo
1221 2129 1297 2176 stultu
1314 2133 1341 2178 ut
1354 2129 1418 2178 Deos

346 2209 393 2244 rum
404 2209 450 2244 rm
494 2211 506 2244 e
519 2229 526 2246 .

781 2281 960 2304 OOWO

319 2396 348 2440 et
358 2389 415 2440 eliis
427 2396 549 2453 reparate
563 2403 578 2436 a
592 2384 768 2449 superioribus
787 2389 847 2431 eunt
867 2397 914 2446 per
929 2383 1078 2432 colom—ti
1095 2383 1186 2434 Heius.
1199 2390 1223 2434 1.
1234 2386 1329 2434 werdt
1338 2401 1417 2436 caure.

318 2459 384 2504 ...78
401 2456 477 2503 Voss.
488 2452 656 2515 quemomntno
667 2464 713 2496 noo
723 2446 856 2494 tobuuset:
872 2446 927 2505 elii,
944 2462 997 2494 eum
1015 2448 1103 2496 nudum
1121 2451 1287 2497 omniun—⁷9
1303 2451 1378 2500 Leid.
1393 2455 1416 2498 7.

319 2525 347 2568 et
361 2519 451 2576 Heius.
463 2521 486 2564 2.
497 2515 665 2575 proturbatum.-
680 2511 805 2571 inpriore
816 2511 895 2572 etiarn
905 2511 974 2558 inter
990 2511 1071 2559 lineas
1088 2527 1118 2559 ea
1129 2527 1172 2574 quo
1185 2523 1231 2572 pro
1241 2513 1282 2558 red
1292 2517 1321 2558 nt
1330 2527 1372 2560 eo:
1390 2514 1418 2562 in

321 2583 413 2632 Heius.
425 2585 448 2629 1.
461 2579 534 2627 deest
544 2581 587 2634 nt,·
604 2583 631 2624 et
641 2590 667 2624 eo
680 2575 705 2623 in
717 2575 787 2637 Mog.
796 2580 824 2622 et
834 2574 901 2623 alio:
920 2589 1020 2637 proquo
1032 2576 1057 2622 in
1070 2575 1164 2637 Ultraj.
1176 2578 1200 2623 1.
1217 2573 1286 2628 iader
1302 2574 1329 2622 in
1349 2577 1417 2626 Tell.

319 2646 388 2694 ltine.-
406 2646 431 2693 in
448 2642 555 2692 Mediol.
575 2645 602 2689 ut
620 2655 646 2688 eo
665 2639 876 2687 deturbante-80
894 2637 989 2687 Vocem
1011 2638 1129 2687 aisement
1152 2637 1222 2685 delet
1244 2637 1319 2687 Harl.
1353 2639 1419 2688 Mox

319 2708 412 2768 Ultruj.
424 2711 448 2755 1.
460 2711 484 2758 2.
497 2705 571 2754 Leid.
583 2709 606 2752 c.
616 2711 644 2751 et
656 2703 746 2753 Heius.
759 2708 781 2752 l.
791 2701 907 2750 dementis
916 2705 1016 2750 onimaer
1033 2703 1123 2748 erern.
1135 2706 1156 2749 1.
1166 2705 1189 2750 2.
1201 2715 1259 2748 cnm
1269 2716 1320 2750 nno
1331 2702 1419 2752 Bitur.

320 2777 348 2818 et
361 2769 477 2817 Perizon.
491 2772 530 2816 oia
538 2784 548 2825 ‚·
564 2768 641 2816 etsie
653 2782 721 2815 corr.
738 2767 764 2815 in
776 2766 848 2815 Leid.
860 2771 884 2816 2.
901 2767 987 2814 anirnoe
1002 2779 1069 2812 corr.
1081 2765 1159 2813 etiarn
1171 2765 1197 2812 in
1211 2765 1286 2813 Leid.
1298 2770 1322 2814 7.
1355 2768 1417 2815 Tor·

320 2833 406 2880 rentur
417 2833 484 2894 conj.
496 2832 610 2881 dementis
627 2832 803 2880 audacie-81
822 2829 946 2880 cantabr.
958 2837 985 2877 et
998 2827 1092 2890 Ultraj.
1109 2833 1132 2877 l.
1148 2829 1188 2890 qui
1199 2829 1323 2880 Boeoticu:
1339 2832 1418 2894 pleri·

320 2907 370 2960 que
382 2894 458 2946 codd.
471 2903 497 2944 et
508 2895 568 2944 edd.
581 2903 645 2946 vett.
661 2895 757 2944 Boitiu.
790 2895 856 2944 Mox
874 2907 921 2956 pro
937 2891 1036 2956 periculi
1056 2907 1141 2954 genna,
1156 2893 1183 2942 in
1204 2893 1297 2943 Rbem.
1317 2895 1414 2945 dnobus
1436 2963 1439 2969 Ι

818 3057 924 3108 NOTAE

317 3185 454 3249 invidiam
482 3192 512 3236 ut
534 3188 664 3251 Sophiste
695 3190 848 3237 vocarentur
920 3183 1106 3236 dNomerrerot
1119 3187 1193 3250 Equi]
1209 3187 1327 3236 Mentem
1338 3189 1417 3251 illum,

318 3268 373 3310 turn
384 3261 401 3309 ii
413 3261 456 3324 qui
473 3261 653 3310 ostentationis
669 3267 715 3310 eut
731 3267 847 3324 qrraestns
888 3273 939 3309 non
952 3261 1063 3324 Equum,
1080 3261 1126 3309 sed
1135 3261 1254 3310 Thorace
1265 3262 1362 3313 dictum
1373 3263 1418 3312 do·

318 3327 396 3385 eadm
407 3332 664 3400 philosopharentur:
682 3341 737 3383 tum
757 3335 785 3396 ii,
805 3335 847 3398 qni
889 3341 933 3383 cet
949 3335 1057 3384 Strabo:
1082 3335 1177 3397 aliique
1198 3349 1249 3384 non
1269 3339 1415 3402 praecipita-

318 3410 426 3481 argutiir
442 3408 479 3472 id,
497 3410 565 3474 qood
584 3409 676 3459 falsum
693 3416 743 3471 est,
759 3425 848 3460 verum
889 3410 1105 3472 commiserunt
1118 3409 1258 3460 incrucem
1268 3413 1416 3477 Daphidrm

318 3482 457 3534 ostendere
467 3485 621 3534 niterentur.
667 3511 677 3528 ·
888 3490 1009 3538 volnut.'

349 3565 360 3592 ⁰
377 3560 408 3608 In
421 3560 513 3620 Regem
523 3559 646 3620 Attalum]
661 3560 724 3609 Tres
741 3559 847 3612 fuerunt
919 3571 930 3596 ⁰
943 3561 1079 3625 Philippus]
1092 3560 1213 3626 Amyntae
1225 3563 1292 3614 iilius
1302 3574 1329 3614 et
1337 3565 1415 3614 Alex·

317 3630 474 3696 Pergameni
494 3634 642 3696 Principes,
666 3636 758 3697 quibus
779 3636 846 3684 idern
888 3639 960 3687 andri
978 3638 1070 3700 Magni
1089 3645 1173 3701 pater,
1192 3640 1236 3703 qni
1253 3637 1413 3688 Macedouiae

316 3703 400 3755 Attali
411 3720 504 3756 nornen
515 3706 580 3756 fnit:
594 3709 701 3771 unceis,
715 3709 757 3772 qui
771 3711 846 3760 victis
888 3726 993 3776 regnum
1002 3713 1073 3774 prius
1083 3715 1197 3777 angustis
1206 3712 1339 3762 admodum
1347 3709 1415 3758 clatr-

318 3781 421 3831 Gelatis
434 3782 492 3831 Rex
504 3782 624 3844 Pergami
640 3785 775 3844 salutatus,
792 3785 845 3834 Ro·
887 3803 941 3836 rum
953 3787 1046 3836 tinibus
1058 3789 1123 3839 adeo
1131 3785 1306 3850 amplificavit,
1319 3789 1346 3832 ut
1359 3787 1414 3833 150.

316 3870 405 3906 munos
418 3865 509 3906 contra
518 3857 666 3921 Philippum
673 3859 760 3921 juvit:
779 3861 846 3908 alter
887 3864 975 3928 populi
992 3864 1019 3913 in
1032 3865 1088 3926 ejus
1100 3864 1199 3914 ditione
1208 3864 1414 3908 nrrnremrentur.

315 3931 391 3994 hujus
408 3931 485 3994 illins,
502 3932 546 3996 qni
558 3935 657 3983 tutorio
676 3935 779 3985 nomine
797 3949 846 3998 pro
918 3936 974 3988 ‘In
991 3938 1098 4000 Beotin]
1124 3939 1189 3987 Quae
1210 3947 1243 3980 ex
1265 3944 1316 3980 una
1337 3941 1413 3993 perte

316 4013 414 4066 ”09⁰oe
425 4005 515 4056 Altsslo
531 4006 737 4070 admittentium
753 4009 844 4064 ίθῐῐῑῑὶθ
886 4011 993 4072 Attica,
1010 4028 1043 4060 ex
1055 4013 1136 4060 alteru
1146 4005 1282 4055 'l'lressallae
1295 4005 1412 4071 finitima,

319 4074 421 4126 Attalus
442 4081 495 4139 ilie,
518 4081 562 4143 qui
584 4083 714 4132 Romano·
737 4081 844 4144 scripsit
886 4080 1311 4142 Chalcidicomarialluitur501iur
1323 4081 1413 4149 Aonia,

317 4148 443 4200 heredes.
456 4154 521 4204 Quis
530 4168 618 4205 eorum
627 4155 776 4218 Daplridam
784 4167 843 4217 ege·
883 4171 951 4207 nunc
966 4158 1122 4218 Stronntipa.

317 4221 353 4272 rit
364 4221 389 4271 in
401 4237 528 4291 praeceps,
542 4229 679 4278 obscurum
688 4235 739 4278 est.

1581 1201 1600 1832 l

1581 1991 1600 2620 l
