3224 5162
338 423 403 490 178
647 434 803 486 vacatur
827 433 974 491 uaxrur
1000 433 1074 482 arn.
1097 436 1121 482 1.

379 583 435 650 12.
458 582 517 648 Cn.
546 579 648 644 etiam
671 576 871 659 Pompeium
892 573 1028 658 Jupiter
1053 576 1267 659 omnipotens
1295 577 1428 644 abunde

339 685 534 754 monuerat*
554 699 596 742 ne
611 698 688 743 cum
701 678 741 744 Ο.
758 677 894 742 Caesare
915 676 1066 744 ultimam
1089 679 1169 742 belli
1191 678 1355 744 fortunam
1371 701 1431 744 ex-

337 783 438 868 periri
453 779 686 859 contenderet;
715 795 849 860 egresso
867 797 889 842 a
913 778 1122 860 Dyrrhachio
1134 786 1149 814 ¹²
1170 780 1313 844 adversa
1328 781 1431 862 agmi-

337 885 373 950 ni
386 881 460 965 ejus
481 880 622 945 fulmina
646 879 791 963 jaciens,
816 879 1030 944 examinibus
1045 888 1171 963 epumv
1192 880 1286 960 signa
1310 881 1433 944 ohscu-

337 983 454 1061 rando,
477 983 592 1046 subita
605 982 741 1046 tristitia
755 981 940 1064 implicatis
953 981 1097 1044 militum
1112 980 1244 1054 animis,
1257 981 1431 1044 nocturnis

337 1084 444 1148 totius
477 1082 647 1146 exercitus
671 1081 861 1156 terroribus,
886 1082 930 1145 ab
955 1080 1040 1163 ipsis
1062 1081 1224 1145 altaribus
1247 1079 1433 1143 hostiarum

337 1184 426 1266 luga.
456 1181 524 1246 Sed
538 1179 676 1246 invictae
691 1183 783 1264 leges
797 1183 1008 1247 necessitatis
1018 1188 1047 1232 ⁴⁹
1067 1189 1198 1265 pectus,
1214 1179 1340 1262 alioqui
1355 1198 1433 1262 pro-

340 1285 395 1348 cul
409 1285 452 1346 ab
468 1283 614 1348 amentia
628 1290 801 1361 remotum,
826 1283 979 1367 prodigia
1000 1285 1070 1348 ista
1090 1284 1182 1368 justa
1207 1281 1433 1348 oestimatione

339 1383 544 1468 perpendere
573 1402 687 1467 passae
712 1402 777 1447 non
805 1383 904 1448 suut!
947 1384 1069 1465 Itaque
1093 1383 1171 1446 dum
1198 1383 1256 1446 illa
1283 1381 1434 1458 elevat,⁵0

340 1484 596 1548 auctoritatem*
618 1483 871 1566 amplissimam,
897 1488 932 1547 et
956 1503 1038 1567 opes
1063 1484 1195 1566 privato
1217 1482 1352 1562 fastigio
1374 1501 1434 1546 ex·
1536 1533 1542 1550 .

340 1585 513 1663 celsiores,
528 1585 704 1667 omniaque
717 1589 917 1660 ornamenta,
939 1601 1014 1667 quae
1030 1585 1074 1648 ab
1089 1583 1220 1647 ineunte
1236 1583 1432 1648 adolescen-

340 1687 408 1752 tia¹
431 1685 475 1750 ad
489 1685 651 1752 invidiam
663 1704 770 1768 usque
784 1689 1005 1763 contraxerat,
1030 1684 1145 1766 spatio
1158 1685 1259 1748 unius
1275 1681 1339 1748 diei
1354 1704 1443 1748 con..

339 1787 456 1870 fregit!
511 1785 589 1864 Quo
619 1791 789 1858 constat⁵¹
822 1787 857 1850 in
884 1787 1029 1850 delubris
1057 1785 1189 1849 Deuml
1222 1803 1285 1848 sua
1313 1793 1434 1866 sponte

373 1995 515 2058 *Sedfata
529 1997 677 2049 inevitabilia
693 2013 739 2048 aaa
755 1997 912 2060 pactisetuat
924 1997 1072 2060 Pompeium,
1088 1998 1167 2047 vinem
1184 1996 1273 2060 alioqui
1287 1993 1435 2058 prudentem

339 2065 482 2126 perpendae
489 2063 537 2112 iate
547 2064 666 2125 ptochia,
682 2063 832 2112 ambulant
845 2061 966 2125 perpendi.
1398 2115 1425 2131 ..

372 2126 380 2160 t
394 2126 479 2190 ltaque
487 2130 543 2178 duta
553 2128 679 2177 coutemnit
690 2127 819 2176 merram
829 2127 1003 2185 auctoritatem,
1016 2126 1051 2174 ael
1063 2124 1176 2184 Scimus,
1185 2125 1222 2172 cel
1234 2123 1346 2184 Cetaria,
1355 2123 1437 2169 amaru

341 2203 388 2239 atto
404 2191 453 2251 die,
469 2195 493 2238 et
506 2192 637 2250 fucultatet
654 2193 727 2240 multo
744 2191 851 2253 majores,
867 2205 936 2252 ouum
955 2191 1018 2238 decet
1035 2189 1155 2251 priamum
1173 2187 1299 2243 leomiaem,
1317 2190 1341 2234 et
1359 2183 1440 2234 omnio

341 2257 485 2364 mutata,
500 2269 552 2318 qua
563 2260 598 2305 tot
607 2255 653 2306 eibi
661 2257 820 2305 cumulaverat
833 2253 863 2302 ab
873 2254 967 2302 ineunte
982 2252 1146 2312 marcenae,
1162 2257 1190 2298 ut
1206 2265 1234 2299 ea
1254 2249 1300 2312 ipsi
1317 2248 1360 2297 alii
1377 2247 1441 2296 cioca

343 2317 353 2365 i
388 2315 393 2326 '
423 2321 485 2367 reat.

800 2405 976 2426 W

342 2510 408 2558 -49
424 2507 469 2557 Sic
480 2507 587 2568 Pighius
599 2517 632 2552 ex
644 2516 695 2551 uno
709 2501 809 2550 codice.
842 2499 894 2548 Alii
913 2511 1002 2558 omnes
1022 2511 1081 2546 cum
1100 2496 1267 2561 editionibus,
1284 2498 1365 2547 etiarn
1376 2501 1438 2550 Vct.

342 2570 530 2630 maeatudiaia,
545 2566 635 2615 eodem
653 2578 738 2613 seusu.
773 2565 835 2612 Mox
855 2563 938 2625 proed
956 2563 1082 2624 expunxit
1103 2561 1172 2611 idem
1193 2561 1311 2625 Pighius,
1333 2562 1403 2624 ottod
1424 2578 1441 2612 a

343 2632 495 2697 quibusdam
514 2629 591 2680 codd.
609 2628 702 2677 abesse
720 2627 838 2676 videret:
854 2627 904 2676 hoc
927 2632 1057 2674 testantur
1077 2625 1175 2676 Brand.
1193 2632 1220 2675 ct
1238 2625 1317 2676 codd.
1333 2627 1441 2674 Torren.

343 2697 427 2758 major
446 2709 515 2758 pars,
530 2707 588 2744 cum
599 2690 660 2742 edd.
673 2697 737 2741 vett.
753 2691 879 2741 Nonnulli
890 2690 979 2740 delent
990 2691 1198 2753 praepositionem
1209 2689 1247 2738 ab.
1269 2690 1342 2739 Unus
1352 2689 1442 2751 habet,

340 2764 424 2820 peetus
440 2759 522 2820 procat
539 2773 555 2806 u
571 2761 647 2805 mente
665 2760 796 2814 remotum,-
812 2756 888 2818 alter,
904 2754 1008 2816 alioquin
1026 2769 1042 2803 a
1059 2758 1135 2804 inette
1153 2758 1341 2802 remotum-50
1356 2753 1443 2816 Itaque

343 2823 400 2868 dum
408 2819 451 2868 ille
459 2819 535 2878 codd.
547 2826 575 2868 et
585 2818 645 2869 edd.
657 2825 723 2868 vett.
757 2819 848 2869 Lectio
859 2824 948 2868 nostra
958 2817 1069 2867 debetur
1078 2818 1226 2881 Perizouio,
1237 2817 1365 2881 probante
1377 2819 1442 2866 Tor·

344 2881 426 2931 renio.
458 2881 577 2945 Guyetus
594 2890 656 2959 post
674 2883 753 2932 omnia
771 2883 870 2932 delevit
887 2896 946 2944 quet
963 2882 1090 2945 quomodo
1108 2882 1208 2932 olivet.
1228 2881 1289 2932 Ald.
1308 2881 1395 2944 Steph·
1414 2885 1442 2931 ct

343 2945 426 2996 ceteri
437 2959 518 3011 usquc
531 2947 563 2996 ad
575 2947 802 3010 Pighdederunt.
834 2941 931 2996 Tollius
950 2959 983 2994 cx
1003 2944 1062 2996 cod.
1081 2960 1128 3011 pro
1147 2946 1315 3009 amplissimam
1336 2943 1441 3008 profert

341 3009 572 3075 amana—sl
591 3011 661 3068 Quod
670 3017 762 3064 uacat
773 3012 838 3064 Exc.
848 3011 940 3075 steph.
953 3017 980 3060 at
990 3011 1053 3061 Vct.
1073 3010 1100 3059 in
1118 3025 1169 3075 qua
1185 3011 1264 3063 etiam
1283 3009 1380 3058 domiai
1392 3022 1440 3072 pro

840 3123 946 3174 norm
986 3105 988 3109 ’

377 3235 457 3291 rhu.
470 3235 509 3285 Μ.
527 3239 601 3286 4006.
631 3236 675 3286 01.
687 3240 744 3286 lat.
756 3239 780 3284 t.
808 3235 874 3286 Urb.
914 3250 960 3290 uos
976 3241 1019 3288 aa.
1035 3235 1163 3286 Marcium
1179 3248 1238 3284 cam
1255 3239 1315 3284 octo
1333 3233 1439 3296 legioni·

347 3312 378 3363 C.
389 3315 455 3369 ⁷⁰5⁸,
473 3310 537 3362 Aut.
548 3311 595 3359 Ch.
605 3313 648 3359 47.
914 3311 972 3372 bus,
983 3310 1132 3360 Cariuatem
1141 3307 1175 3358 ad
1184 3307 1369 3370 Spalatum,ad
1383 3307 1441 3358 clu·

375 3384 555 3451 'Dyrrhacbio]
563 3384 680 3434 Eandem
689 3398 747 3433 eam
754 3383 876 3446 Epidam·
913 3385 977 3434 aium
990 3385 1132 3434 exercitum
1145 3382 1280 3444 Carbonis,
1298 3383 1441 3434 Carbonem

346 3475 390 3522 no,
406 3460 483 3510 sicuti
495 3459 613 3508 diximus.
646 3457 734 3508 Hodie
742 3458 859 3509 numa.
913 3460 940 3509 in
958 3461 1057 3523 Sicilia,
1073 3457 1236 3510 Hiarhamet
1254 3459 1397 3511 Domitium
1414 3462 1442 3512 itt

377 3534 563 3584 'Examiaibua
580 3549 659 3598 apum,
681 3532 735 3597 aa]
762 3534 828 3583 Haec
847 3539 875 3584 et
915 3533 1005 3583 Africa
1015 3534 1096 3582 vicit:
1124 3533 1262 3598 his,ctianr
1282 3541 1336 3584 tum
1355 3538 1441 3600 Eques

346 3609 396 3659 alia
413 3607 540 3672 ejusmodi
558 3607 678 3671 prodigia
689 3607 808 3658 Lucanus
821 3622 875 3656 ver·
915 3610 1052 3670 Romanus,
1063 3607 1239 3673 triumphavit,
1256 3610 1335 3660 semel
1345 3611 1379 3659 de
1394 3609 1442 3658 Hi-

346 3687 418 3736 sibus
435 3685 586 3748 complexus
604 3689 654 3746 est,
670 3683 786 3735 meminit
797 3684 875 3735 etiam
914 3684 987 3746 arba,
999 3683 1094 3733 iterum
1105 3682 1139 3733 de
1151 3684 1284 3744 Sertorio;
1301 3683 1441 3746 Magnique

347 3757 657 3814 Hirtiasiabeilocivili.
915 3771 1056 3821 cognomen
1068 3756 1178 3821 adeptus
1188 3767 1237 3810 est.

377 3838 498 3897 *Etcum
510 3832 685 3896 auctoritatem]
698 3832 829 3886 Dissentit
843 3834 876 3883 ab
946 3833 1115 3884 traducaris
1129 3832 1219 3895 Deum]
1245 3828 1320 3880 Elide
1339 3827 1441 3877 intem-

347 3910 403 3960 aliis
424 3909 554 3959 historicis
564 3908 699 3958 Valerius:
718 3908 786 3972 quod
806 3909 875 3960 enim
915 3909 1099 3973 ploMinervae,
1108 3923 1140 3959 co
1148 3906 1200 3968 die,
1209 3921 1258 3970 quc
1268 3904 1356 3953 Caesar
1365 3903 1442 3960 Pom-¹

347 3986 464 4050 praelium
484 3983 566 4034 fuerit
587 3990 683 4034 temere
704 3985 875 4046 commissum,
915 3986 1000 4050 palum
1018 3984 1159 4049 superavit,
1174 3979 1335 4029 simulacrum
1355 3977 1443 4037 Victo,-

347 4073 398 4129 ncn
416 4059 546 4121 Pompeii,
563 4057 608 4107 sed
623 4059 742 4121 Senatus,
758 4059 875 4110 aliorum·
915 4059 961 4108 ria
989 4059 1022 4107 ad
1044 4060 1131 4108 valvas
1152 4069 1180 4102 se
1200 4050 1291 4112 templi
1311 4051 1441 4119 limenque

338 4143 398 4192 ·qus
409 4132 502 4179 ducum
514 4131 606 4180 vitium
617 4130 676 4184 fuit.
690 4182 692 4187 ,
915 4133 1053 4187 convertit,

381 4207 393 4235 ⁸
405 4203 441 4253 al
453 4205 546 4256 iurante
558 4207 726 4272 adolescentia]
736 4209 821 4262 Natus
831 4221 874 4258 an·
