3386 5262
518 569 704 620 ccuurcus
729 573 775 621 uu
800 551 983 624 anninus.

526 825 670 903 GENS
709 825 972 906 ΒΟΜΙΤΙΑ.

235 1005 276 1054 Ur
296 1003 468 1065 Claudiorum,
495 1002 533 1052 ite
553 1001 729 1054 Domitiorum
770 1019 838 1054 enno
848 1009 905 1054 559.
922 1009 1031 1068 uterque
1043 1003 1069 1053 in
1081 1001 1150 1054 bello
1162 1002 1232 1054 cirili
1244 1005 1300 1069 Syl·

202 1094 264 1143 gens
282 1079 379 1142 duplex
398 1077 464 1140 fuit3
481 1077 528 1128 scd
547 1083 658 1142 utraque
670 1079 729 1129 Ple·
769 1080 802 1130 lse
813 1087 842 1130 et
850 1080 929 1130 Marii
941 1093 1021 1129 coesrts
1033 1085 1082 1128 est.
1103 1093 1131 1128 v.
1159 1080 1300 1134 Cueioduo

200 1155 265 1204 beia.
296 1153 391 1205 Altera
405 1152 557 1213 AEnobarbi,
572 1153 654 1202 altere
672 1153 729 1202 Cal·
770 1161 846 1204 erant
868 1154 925 1218 iiiii,
940 1155 1036 1204 Cneins
1054 1154 1144 1204 Cinnae
1164 1169 1252 1218 gouer,
1272 1159 1299 1206 in

200 1231 252 1280 sini
268 1243 413 1294 cognomen
424 1229 522 1279 babuit.
556 1229 597 1277 De
608 1227 730 1278 AEnobsr·
770 1230 834 1282 dore
857 1231 945 1282 aetatis
972 1246 988 1279 s
1007 1230 1135 1293 Pompeio
1156 1230 1183 1280 in
1206 1230 1300 1282 Africa

200 1305 290 1356 bornru
308 1304 414 1366 familia,
432 1319 490 1369 qnos
509 1305 592 1354 multo
607 1304 731 1354 illustrior
770 1308 883 1370 occisus,
900 1313 927 1356 et
940 1305 1044 1367 brucins,
1061 1306 1104 1369 qui
1117 1306 1213 1356 Consul
1233 1320 1300 1359 anno

199 1380 259 1443 suit,
274 1381 317 1430 hic
333 1380 441 1444 agimus.
769 1387 831 1432 599.
845 1382 871 1432 in
882 1383 939 1431 scie
951 1380 1102 1430 Pharsalica
1112 1379 1217 1432 fortiter
1228 1381 1302 1432 dimi-

233 1471 253 1506 1·
270 1456 319 1506 Cn.
330 1455 462 1506 Domitius
474 1454 570 1506 Consul
586 1468 653 1506 auno
672 1458 730 1504 551.
770 1473 833 1508 cans
845 1457 952 1508 cecidit.
967 1471 1008 1507 ιι.
1025 1458 1065 1506 Ex
1076 1457 1172 1508 Poscis
1182 1471 1302 1523 suscepe-

201 1540 278 1596 pater
299 1531 351 1582 fnit
378 1545 411 1582 ιι.
439 1533 505 1582 Cnei
524 1531 643 1580 Consulis
665 1545 732 1582 anno
772 1540 813 1584 rat
823 1534 931 1584 Cueium
943 1533 1094 1596 Domitium,
1104 1534 1148 1598 qni
1158 1533 1191 1584 ob
1201 1533 1301 1586 cedern

200 1613 258 1658 591.
276 1622 320 1658 ιιι.
337 1607 411 1670 cnjus
422 1606 490 1656 tilius
503 1606 598 1657 Cneins
608 1607 731 1657 Consula-
771 1610 803 1660 C.
813 1609 924 1659 Caesaris
935 1608 1045 1672 primurn
1056 1607 1200 1669 damnatus,
1216 1615 1245 1660 et
1256 1609 1302 1660 ali-

202 1688 232 1732 tu
251 1697 317 1732 anno
335 1687 393 1733 651.
426 1683 551 1746 Censura,
570 1679 733 1732 Pontificatu
772 1689 870 1748 quanto
882 1681 1302 1746 postrestittttcsConsnloreatus

202 1759 324 1821 maximo,
339 1759 373 1808 de
392 1758 577 1822 Allobrogibus
597 1765 625 1809 et
637 1758 732 1809 Aruer·
773 1762 814 1806 est
824 1771 891 1808 anno
902 1761 962 1808 751.
977 1771 1027 1808 ιιι.
1045 1757 1161 1808 Hostilia
1172 1759 1210 1818 illi
1222 1775 1300 1824 pepe·

202 1833 252 1898 nis,
269 1840 324 1882 tum
335 1834 454 1897 victoria,
471 1842 526 1885 turn
542 1836 670 1900 triumpho
681 1836 732 1887 cla·
772 1833 808 1882 rit
823 1833 931 1884 buniam
943 1831 1080 1882 Consulem
1097 1848 1166 1884 anno
1184 1838 1241 1886 757.
1257 1837 1302 1900 qui

202 1923 246 1958 rus
257 1910 361 1972 extitit,
378 1925 420 1960 tv.
435 1909 503 1960 filios
513 1911 606 1962 babuit
623 1911 732 1962 Cneium
771 1923 806 1959 cx
817 1909 931 1960 Antonia
941 1909 1038 1958 minore
1048 1909 1138 1974 gennit
1149 1923 1211 1961 vrrs.
1229 1912 1304 1962 Cusi-

202 1992 230 2034 et
241 1985 364 2036 Lucium:
381 1986 425 2035 ille
443 1986 538 2037 Consul
558 2001 624 2037 anno
643 1991 702 2037 657.
717 2002 733 2037 ιι
773 1999 816 2036 uru
827 1985 966 2036 Consulem
976 1999 1044 2036 anno
1052 1990 1110 2038 784.
1128 2000 1168 2039 rx.
1191 1987 1303 2038 Neronis

202 2061 335 2111 quenum
345 2062 428 2124 ipsius
447 2063 474 2112 in
491 2063 610 2113 Censura
625 2063 734 2126 Collega
772 2060 941 2125 Imperatoris
954 2068 1062 2125 patrem.

203 2135 326 2185 dissensit
346 2138 455 2200 sapius:
475 2137 518 2188 bic
538 2139 617 2188 etism
637 2138 733 2187 Consul

574 2348 718 2424 GENS
759 2347 940 2421 FABIA.

238 2524 335 2574 Focum
354 2523 440 2587 gentis
460 2523 503 2572 alii
522 2521 649 2587 originem
666 2523 734 2574 rese·
773 2521 918 2586 triumpho,
932 2521 1088 2587 Magisterio
1099 2522 1232 2588 Equitum,
1242 2522 1303 2573 bic·

202 2605 265 2647 runt
281 2597 314 2648 sd
333 2599 485 2661 Herculem,
501 2599 544 2663 qui
562 2613 595 2648 ex
619 2601 734 2650 Euandri
774 2604 870 2660 tstnra,
887 2603 916 2647 et
932 2598 1043 2648 Sedulus
1062 2599 1209 2663 principatu
1226 2598 1305 2662 insig-

201 2671 255 2722 tilia
264 2673 372 2723 Fabium
389 2674 524 2738 genuerit:
541 2675 585 2723 eiii
596 2690 689 2726 nornen
700 2675 733 2726 sb
772 2675 822 2737 uis,
829 2682 882 2724 tres
894 2689 988 2738 meres,
998 2675 1131 2732 Quintum.
1140 2677 1304 2736 Marcum,et

203 2762 323 2810 agrorum
351 2749 465 2799 fossione
493 2749 635 2813 deducunt,
660 2752 734 2816 qnasi
772 2751 907 2800 Caesonem
919 2751 1034 2808 sustulit,
1047 2751 1163 2815 duasque
1174 2747 1305 2812 immines,

202 2823 315 2898 primum
336 2824 421 2886 Fodii,
445 2824 541 2874 deinde
568 2826 643 2875 Fabii
668 2827 733 2878 dicti
774 2840 880 2890 querum
899 2827 983 2876 alters
997 2828 1109 2892 sulpitio
1127 2827 1254 2890 Patricio,
1270 2827 1305 2876 al·

203 2898 265 2948 sint.
297 2899 436 2948 Fabiorum
447 2900 559 2950 omnium
575 2900 617 2952 bic
629 2904 734 2953 nomina
774 2907 831 2950 tera
858 2901 959 2952 Licinio
991 2903 1092 2953 Stoloni
1115 2903 1224 2952 Plebsio
1246 2916 1304 2951 cnm

202 2973 316 3038 prodere
328 2988 368 3023 res
380 2985 449 3025 essct
460 2983 489 3026 et
497 2992 606 3040 operosa
621 2979 733 3029 etmulti
773 2976 911 3040 nupsisset,
923 2977 981 3028 baec
992 2979 1084 3028 marito
1093 2979 1209 3028 Tribnuo
1221 2977 1306 3042 piebis

202 3047 302 3098 fastidii
315 3065 322 3110 ;
336 3051 399 3100 sutis
415 3052 465 3102 erit
477 3053 534 3103 illos
546 3053 674 3116 proferre,
690 3055 734 3118 qui
775 3051 911 3113 persnssit,
927 3061 956 3101 ut
975 3053 1058 3116 legem
1079 3053 1162 3104 ferret
1185 3053 1218 3103 de
1239 3054 1306 3104 Cou-

204 3125 436 3190 edolercentejsm
447 3130 601 3191 Republica,
617 3130 735 3178 uictoriis
775 3125 854 3173 sulani
865 3124 994 3187 dignitate
1005 3128 1074 3188 plebi
1082 3127 1305 3177 communicanda.

205 3201 260 3248 suis
282 3202 425 3250 Romanam
449 3217 504 3251 rem
525 3203 634 3250 multum
657 3217 734 3251 suxe·
775 3199 1305 3262 UtaQuintoMsximorurn‚itaaMurco

205 3280 282 3324 runt:
299 3275 351 3323 duo
362 3281 449 3324 temen
464 3280 490 3324 te
506 3276 632 3324 monitum
645 3276 735 3336 relim;
777 3269 912 3318 Pictorum
922 3269 1020 3319 familia
1031 3272 1163 3334 profluxit,
1178 3289 1195 3322 e
1213 3275 1305 3338 quibus

204 3365 284 3406 unum
305 3356 356 3412 est,
371 3357 426 3400 tres
446 3349 540 3400 Fabios
560 3351 599 3400 M.
615 3349 737 3399 Vibulsni
778 3351 832 3395 tres
842 3346 967 3395 Consules
978 3355 1164 3409 memorantur,
1175 3349 1252 3398 Caius
1264 3365 1306 3398 arr·

203 3425 736 3489 filios,Quintum,Caesonem‚etMarcum
777 3435 811 3471 no
832 3425 890 3474 448.
916 3422 961 3486 qui
984 3421 1075 3472 AEdem
1097 3424 1191 3474 Salutis
1213 3425 1308 3488 pinxit,

203 3507 307 3564 septem
325 3501 399 3551 annis
414 3501 542 3552 coutinuis
561 3515 653 3550 mouns
670 3500 736 3550 Con·
777 3497 883 3561 ejusque
894 3496 946 3546 duro
957 3496 1014 3562 filii,
1029 3498 1107 3548 Caius
1118 3512 1185 3548 anno
1202 3503 1261 3549 484.
1279 3509 1307 3550 et

203 3578 290 3628 sulare
301 3577 451 3640 obtinuisse,
463 3592 496 3626 ex
507 3577 590 3640 iisqne
602 3575 735 3630 Catonern
776 3574 917 3623 Numerius
929 3588 996 3626 anuo
1013 3579 1069 3624 487.
1087 3576 1131 3624 sed
1151 3575 1306 3624 Consulibus

205 3667 265 3704 curn
289 3655 347 3701 515.
372 3653 459 3702 Fabiis
481 3653 513 3702 ad
544 3652 694 3702 Cremeram
720 3667 736 3702 u
776 3649 902 3699 illustrior
920 3651 954 3702 Q.
971 3650 1015 3700 ille
1027 3650 1122 3700 Fabius
1133 3652 1244 3714 Prator,
1263 3655 1307 3717 qui

203 3725 361 3775 Veientibus
385 3741 479 3776 cassum
502 3725 596 3777 fuisse:
625 3727 735 3776 alterum
776 3731 836 3789 post
847 3724 947 3776 cladem
960 3726 1121 3776 Cannensem
1135 3727 1250 3790 Delphos
1270 3728 1307 3778 le·

203 3809 257 3866 est,
274 3801 366 3852 Fabios
378 3815 473 3865 omnes,
491 3802 534 3866 qui
546 3807 637 3865 postes
647 3801 735 3852 multis
777 3807 850 3865 gatus
870 3801 963 3850 missus
982 3809 1032 3863 est,
1048 3805 1076 3851 et
1095 3801 1201 3864 scripsit
1212 3803 1305 3852 Roma-

200 3877 341 3944 perfuncti
359 3883 418 3926 sunt
436 3876 615 3938 honoribus,a
637 3876 735 3927 Quinto
774 3892 834 3926 netu
852 3877 1006 3938 Historiam,
1023 3892 1080 3942 quae
1100 3892 1158 3926 cnm
1176 3893 1191 3926 u
1210 3879 1307 3942 multis,
1354 3892 1359 3904 ‘

203 3953 294 4005 Marci
315 3951 377 4014 filio,
403 3952 447 4015 qni
468 3967 533 4001 nnus
560 3952 645 4016 gentis
668 3952 736 4001 cladi
775 3961 829 4004 tum
844 3953 943 4001 aLivio
955 3953 1094 4015 saepissime
1105 3952 1234 4004 laudatur.

203 4034 339 4093 superstes
350 4026 410 4090 tuit,
428 4027 552 4076 utmultis
567 4028 661 4090 placet,
679 4041 736 4092 pro·
808 4043 838 4078 ιι.
857 4029 890 4079 Q,
908 4027 1004 4078 Fabius
1024 4028 1168 4089 Rullianus,
1180 4027 1306 4081 Ambusto

204 4107 318 4170 pagatos
330 4118 396 4153 csse.
776 4110 850 4166 putre
868 4103 943 4152 rebus
963 4103 1041 4164 gestis
1059 4103 1162 4166 clarior,
1178 4105 1306 4168 Magister

240 4195 260 4228 ι.
273 4180 381 4228 Morcus
390 4177 484 4227 Fabius
493 4175 636 4226 Ambustus
645 4175 737 4228 Quinti
777 4178 900 4241 Equitum
912 4192 928 4225 a
939 4177 1045 4239 Papirio
1057 4177 1195 4228 Dictatore
1206 4179 1239 4228 nb
1253 4181 1306 4230 vic·

204 4253 276 4302 tilius
286 4253 388 4316 gemino
398 4253 539 4303 Tribunatu
549 4251 663 4312 militari,
673 4251 739 4300 Con·
778 4252 870 4300 loriam
893 4251 926 4298 de
949 4251 1106 4301 Samnitibus
1131 4255 1215 4304 securi
1236 4270 1305 4319 pene

194 4320 293 4378 *sniatu
315 4330 411 4394 tripiici
435 4343 502 4379 enno
522 4333 580 4379 595.
600 4332 657 4378 597.
678 4331 737 4381 599.
778 4341 925 4389 percrussus,
942 4327 1076 4390 quinquies
1088 4329 1183 4379 Consul
1194 4328 1256 4394 suit,
1264 4345 1308 4379 sn·

205 4406 329 4456 ovatione
346 4407 379 4455 de
393 4405 527 4470 Hernicis,
543 4405 576 4454 de
586 4405 737 4456 Tiburtibus
777 4419 811 4453 no
822 4407 880 4454 451.
890 4406 948 4452 445.
966 4406 1024 4454 445.
1041 4406 1098 4456 tto.
1110 4409 1166 4457 458.
1185 4414 1225 4457 ter
1241 4407 1305 4455 Dic·
