3386 5262
359 390 405 465 64,
752 403 801 452 nn
826 401 1070 452 nousuonuu
1148 372 1150 378 ’

359 549 450 609 divite,
468 545 573 597 tertium
597 543 679 595 solos:
707 544 752 594 sed
771 549 829 608 post
845 547 885 592 tot
926 543 1067 607 potentiam
1076 557 1153 603 uans;
1169 541 1367 607 paeneomnium
1377 541 1452 592 vitio·

360 630 460 685 tropea
475 620 513 668 rir
526 621 696 668 Romanorum
708 620 786 683 longe
797 619 884 668 claris·
925 631 981 666 rum
998 631 1105 680 eapers3
1126 615 1172 664 nini
1185 623 1363 668 numeraretur
1384 619 1452 666 inter

360 700 450 755 simus,
460 708 516 743 cunr
533 707 581 742 nee
600 693 657 756 ipse
675 707 773 757 parem,
784 707 831 742 nec
843 707 884 742 su·
924 693 1044 756 maxima,
1057 693 1081 741 in
1091 693 1197 742 civitate
1209 692 1289 742 libera
1298 693 1452 758 dominaque

359 771 488 834 perierem
511 767 599 817 Cesar
619 767 688 818 ferre
708 773 804 831 posset,
827 773 884 817 orto
925 769 1041 833 gentium
1051 768 1186 832 indignari,
1206 783 1264 818 cum
1281 784 1369 820 ornnes
1381 772 1452 820 cives

358 841 507 894 belloeirili
526 841 719 892 adearsalirm
731 843 884 906 victuales·
924 844 1032 893 baberet
1052 857 1137 907 pares,
1160 857 1306 907 quenquam
1328 841 1451 908 aequalem

359 933 390 968 su
400 917 538 967 Ptolemaei
549 917 639 981 Regis,
656 918 689 969 ad
705 933 781 983 quem
794 916 885 968 confu-
925 918 1054 981 dignitate
1076 917 1237 980 conspicere.
1279 913 1347 966 Nam
1368 932 1453 981 neque

358 991 614 1058 gerantmerocitur.
648 995 689 1043 Ea
699 994 810 1058 quinque
821 1008 884 1057 quan
925 995 1065 1057 Pompeius
1077 1001 1106 1043 ut
1127 994 1237 1058 primum
1250 992 1282 1043 ad
1302 992 1452 1056 Rempubli-

358 1067 468 1117 duxerat
488 1068 611 1117 uxoribus
634 1067 757 1132 Antistia,
784 1069 886 1118 AEmilia
925 1083 981 1119 eam
991 1083 1125 1132 aggressus
1138 1074 1190 1130 est,
1209 1081 1353 1131 quenquam
1364 1066 1450 1116 animo

358 1141 886 1207 privignasylie,Mortaluiiacmaris,
925 1155 1018 1208 parem·
1025 1144 1100 1193 tulit:
1118 1148 1145 1192 et
1160 1144 1186 1192 iu
1197 1143 1290 1207 quibus
1306 1143 1381 1193 rebus
1399 1143 1452 1207 pri·

357 1223 387 1267 et
400 1217 519 1268 Cornelia
529 1216 655 1281 Scipionis
666 1216 728 1279 lilia,
740 1231 790 1268 nna
801 1211 886 1266 Mutia
925 1213 1245 1279 musessedebebat,solns
1253 1231 1308 1266 esse
1316 1216 1452 1281 cupiebata

357 1292 793 1356 liberorpeperit,doosmarea,tv.
809 1292 885 1343 cnei·
925 1307 1009 1358 neque
1029 1305 1061 1342 eo
1083 1293 1140 1342 viro
1162 1293 1306 1358 quisquam,
1333 1299 1379 1342 aut
1401 1292 1453 1342 alia

358 1382 400 1417 um
417 1368 571 1423 elbertum,
583 1366 711 1416 foeminum
726 1367 886 1431 Pompeiam,
925 1368 1011 1419 omnia
1021 1369 1168 1430 minna,aut
1180 1368 1287 1431 gloriam
1300 1368 1381 1431 magis
1392 1381 1453 1416 con·

357 1456 415 1506 qnae
434 1439 544 1504 primum
565 1442 661 1490 Fausto
683 1441 772 1503 Syllae,
792 1440 886 1489 deiude
925 1443 1041 1506 cupivit;
1053 1444 1079 1492 iu
1089 1443 1244 1507 appetendis
1254 1443 1395 1492 honoribus
1407 1442 1452 1490 lm·

358 1518 741 1582 QServilioOmpioninupait.
758 1517 885 1568 menei·
924 1519 1050 1576 modicns,
1075 1519 1101 1568 in
1122 1517 1242 1583 gerendis
1265 1517 1452 1568 verecundlasi·

357 1610 387 1644 us
397 1600 425 1644 et
436 1593 529 1644 Sextias
541 1601 569 1642 ut
578 1595 684 1655 virtute,
693 1594 730 1643 ita
741 1593 817 1642 rebus
829 1607 885 1656 ges·
925 1610 998 1646 mus:
1014 1602 1044 1645 nt
1062 1596 1105 1660 qui
1121 1609 1166 1645 eos
1183 1594 1350 1645 libentissime
1366 1593 1453 1653 iniret,

359 1670 392 1718 tis
403 1670 472 1731 patri
483 1669 561 1732 longe
578 1669 701 1731 impares,
714 1668 746 1717 ad
759 1667 883 1718 Mundam
923 1670 1010 1722 liniret
1036 1686 1110 1736 aequo
1134 1671 1235 1732 animo;
1262 1676 1291 1720 et
1313 1667 1382 1734 quod
1407 1682 1451 1717 cu·

357 1743 493 1804 Hispaniae
516 1742 640 1804 oppidum
659 1755 674 1791 a
695 1742 797 1792 Caesare
819 1742 883 1792 victi
924 1746 1006 1809 pisset
1015 1745 1123 1795 arbitrio
1135 1760 1181 1796 suo
1193 1759 1303 1808 sumere,
1311 1743 1395 1793 alieno
1406 1741 1452 1791 de·

359 1825 428 1878 sunt,
437 1825 464 1868 et
476 1818 571 1876 cneius
582 1818 609 1866 iu
626 1817 689 1882 fuga
699 1833 796 1880 caesus,
819 1819 883 1869 Sex·
923 1821 1049 1884 poneret?

359 1891 553 1944 tnsverosratri
565 1898 696 1955 superstes
706 1900 833 1956 occupata
843 1895 883 1944 si·
955 1894 1023 1945 Hoec
1043 1896 1198 1946 Plutarchus
1221 1893 1295 1944 initio
1314 1893 1450 1957 Pompeii:

358 1969 418 2018 cilia
437 1967 543 2018 Octavii
560 1967 671 2017 Caesaris
690 1968 771 2018 duces
787 1969 884 2018 navali·
925 1969 1080 2033 ‘Pompeio,
1105 1987 1152 2022 cur
1178 1971 1338 2034 diligeretur,
1362 1969 1451 2018 multae

357 2045 405 2094 bus
426 2044 521 2107 praeliis
533 2058 604 2106 saepe
621 2044 693 2104 vicit,
710 2043 757 2094 sed
780 2043 883 2094 tandem
925 2043 1451 2107 caasoet‘uerun13ritmtemperuntia,rei

357 2117 477 2166 desertus
489 2133 504 2166 u
514 2116 565 2165 sula
577 2133 593 2165 a
603 2117 672 2167 Titio
689 2117 714 2165 in
733 2115 797 2166 Asia
807 2131 883 2168 oeca-
924 2121 1043 2180 militaris
1054 2122 1169 2184 scientia,
1186 2120 1309 2171 facundia
1328 2120 1354 2169 in
1365 2119 1451 2169 dicen-

358 2198 399 2243 tus
410 2200 461 2253 est,
477 2206 538 2241 cum
556 2207 589 2242 aa
608 2193 744 2244 Scribonia
760 2207 787 2245 v.
809 2195 885 2244 Pota·
924 2195 967 2258 do,
983 2196 1048 2248 odes
1062 2209 1171 2257 morunt,
1189 2196 1298 2246 comitas
1315 2196 1342 2244 in
1359 2205 1452 2245 conre-

356 2268 443 2332 peiam
454 2267 493 2318 M.
502 2267 628 2318 Marcello
637 2268 820 2330 desponsatam
831 2282 885 2316 sus·
925 2272 1039 2320 niendo:
1067 2274 1112 2334 qui
1131 2271 1233 2320 nemine
1252 2271 1336 2318 minus
1357 2271 1453 2333 impor-

356 2343 478 2406 cepisaet.
926 2352 988 2393 tune
1000 2344 1121 2406 rogabat,
1131 2344 1172 2392 vel
1182 2343 1287 2391 hilarius
1295 2344 1452 2405 largiebatur

390 2419 517 2466 Naturam
530 2416 651 2478 Pompeii
665 2414 755 2477 Magni
771 2414 885 2471 Velleius
926 2418 1043 2481 roganti:
1069 2417 1224 2467 ostendebat
1241 2418 1346 2466 enimin
1361 2419 1451 2469 dandis

356 2491 404 2542 litu
419 2499 451 2540 n.
472 2499 500 2540 et
515 2490 669 2538 Plutarchus
693 2494 886 2551 expresserunt.
926 2492 1057 2541 beneficiis
1068 2492 1245 2551 serenitatem,
1255 2501 1282 2540 et
1294 2494 1450 2556 gravitatem

356 2565 430 2616 Sexti
453 2579 515 2613 vero
541 2563 659 2624 Pompeii
684 2562 807 2612 Velleius.
843 2563 885 2612 De
925 2567 950 2615 in
962 2566 1138 2630 accipiendis:
1156 2567 1227 2616 vultu
1239 2567 1313 2616 initio
1325 2567 1450 2630 praeditns

356 2640 482 2704 Pompeio
494 2637 592 2700 Magno
604 2633 641 2686 ua
651 2637 780 2687 Velleius:
806 2637 887 2687 ‘Fuit
925 2640 974 2692 t‘uit
996 2657 1047 2691 nou
1069 2642 1234 2691 mediocriter
1255 2643 1382 2707 gratioao;
1407 2645 1451 2708 qui

355 2715 398 2763 hic
426 2714 528 2776 genitus
556 2719 640 2761 matre
673 2711 771 2762 Lucilia
798 2713 885 2777 stirpis
925 2718 1103 2779 preveniebat
1129 2717 1185 2780 ejus
1207 2718 1363 2767 orationem:
1391 2731 1450 2768 nam

355 2787 508 2848 Senatoriee,
520 2784 602 2834 forma
621 2786 762 2847 excellens,
781 2801 831 2836 oon
843 2801 884 2850 ea,
925 2806 1032 2842 veneres
1049 2793 1106 2856 ejus
1126 2799 1199 2841 erant
1216 2807 1274 2842 cunr
1291 2794 1451 2844 humanitate

355 2875 407 2925 qua
430 2857 477 2908 flos
497 2861 691 2910 commendatur
713 2862 815 2923 oetatis3
836 2864 883 2914 sed
925 2870 1077 2932 conjuncte,
1092 2875 1169 2934 atque
1186 2870 1212 2918 in
1233 2871 1320 2934 vigore
1335 2869 1451 2936 floreque

355 2952 389 2987 ex
413 2936 540 2998 dignitate
562 2937 700 2999 constanti,
723 2953 780 3002 qum
802 2939 828 2987 in
853 2939 884 2988 il·
918 2944 1063 3009 juventutis
1083 2944 1172 2995 senilis
1195 2946 1316 2996 elucebat
1336 2954 1364 2998 et
1379 2947 1451 3011 regia

354 3017 405 3066 lam
416 3015 570 3065 conveniens
589 3015 793 3078 amplitudinem,
803 3014 884 3066 fortn-
923 3020 1137 3085 majusculam
1153 3020 1254 3071 modice
1272 3030 1389 3074 surrecta
1408 3039 1450 3074 co·
1552 3049 1555 3054 ·

354 3106 414 3143 nam
437 3105 537 3156 quoque
557 3092 615 3155 ejus
635 3090 667 3141 ad
687 3093 805 3142 ultimum
823 3095 884 3144 vitre
924 3110 975 3158 ma
1000 3097 1182 3162 oculorumque
1209 3097 1274 3147 lenis
1308 3099 1451 3151 modulatio

355 3168 479 3220 comitata
497 3175 539 3217 est
558 3167 638 3217 dieunt
666 3169 814 3218 innocentia
830 3169 885 3218 eai-
924 3171 1051 3221 reddebat
1067 3171 1144 3219 faciei
1159 3171 1213 3233 ejus
1233 3181 1380 3234 usurpatam
1397 3190 1451 3224 ma·

354 3247 431 3307 nnius,
443 3244 583 3293 sanctitate
596 3245 751 3308 praecipuus,
761 3245 884 3308 eloquen·
923 3246 962 3308 gis
987 3245 1158 3303 sermonibus,
1178 3259 1256 3308 quam
1282 3256 1451 3309 repraesenta-

354 3321 392 3370 tio
413 3317 523 3377 medius,
543 3317 678 3381 potentiae,
701 3330 758 3380 qnae
780 3315 882 3367 honoris
924 3325 975 3368 taur
988 3332 1046 3367 cnm
1059 3317 1201 3366 Alexandri
1222 3320 1300 3382 Regis
1315 3324 1450 3373 stetnis'si·

355 3408 432 3445 causa
443 3394 475 3442 ad
491 3407 550 3442 eum
569 3391 790 3452 deterrumum
809 3400 839 3442 ut
849 3393 883 3442 ab
923 3392 1112 3442 militudinem!

355 3484 387 3519 co
406 3475 588 3532 occuparetur,
609 3466 804 3529 cupidissimns;
829 3467 883 3516 dux
955 3467 998 3515 De
1008 3468 1068 3516 Sex.
1080 3466 1207 3529 Pompeio
1215 3466 1272 3530 ejus
1283 3467 1380 3520 tiliosic
1389 3473 1450 3521 Vel·

355 3544 423 3593 bello
435 3545 617 3605 peritissimna3
635 3542 698 3591 civis
709 3541 735 3589 in
753 3547 821 3603 toga,
832 3542 882 3590 nisi
922 3541 1003 3590 leins:
1027 3540 1097 3590 ‘Hic
1114 3540 1264 3592 adolescens
1283 3553 1342 3596 erat
1357 3548 1448 3596 studiis

355 3617 400 3666 nbi
411 3627 555 3679 vereretur,
574 3630 606 3666 ue
616 3629 693 3680 quem
712 3615 820 3664 haberet
836 3629 881 3678 pa·
922 3613 1001 3676 rudis,
1032 3629 1149 3665 sermone
1180 3617 1314 3681 barbarus,
1351 3607 1469 3684 impetn'

355 3707 418 3757 reru,
428 3692 646 3742 modestissimum
665 3691 834 3740 amicitiarum
843 3696 881 3740 te·
921 3695 1049 3752 strenuus,
1059 3705 1134 3740 manu
1147 3702 1274 3755 promtus,
1292 3696 1447 3759 cogitatione

355 3841 467 3893 ciliauda
485 3843 568 3905 gratia
581 3840 751 3904 fidelissimus,
771 3841 798 3891 in
814 3843 881 3892 acci·
910 3843 1004 3890 ‘torum
1016 3855 1120 3890 suorum
1130 3842 1252 3907 libertus,
1265 3860 1447 3911 servorumque
1473 3891 1475 3895 Α

356 3915 450 3976 pieuda
470 3916 646 3967 satisfactione
664 3914 812 3967 facillimus:
836 3932 882 3983 po·
921 3930 1018 3978 servus,
1028 3918 1152 3980 speciosis
1161 3919 1289 3982 invidens,
1301 3926 1331 3970 nt
1341 3930 1445 3985 pareret

355 3989 437 4038 tentia
444 4005 498 4054 sna,
505 4005 646 4056 nunquam,
655 3999 699 4044 sot
710 4008 779 4057 raro,
791 3994 823 4043 sd
835 3994 881 4044 im·
923 3991 1092 4042 humillimis.'

1616 2572 1654 2617 ..l
