3386 5262
374 477 418 554 22
582 448 585 456 Ι
714 493 763 540 on
786 491 951 541 vanaruo
976 490 1129 541 urxmro

374 641 460 704 satis
484 633 616 700 memini
631 635 782 700 aliorum.
828 635 868 698 In
882 635 993 700 medio
1007 653 1087 700 vero
1102 655 1178 700 aevo
1193 641 1286 700 tanta
1300 637 1363 702 fuit
1384 639 1459 722 ejus

373 739 566 812 auotoritas
580 741 617 800 ut
638 735 781 818 integras
802 739 1025 801 narrationum
1049 733 1185 802 tabulas
1198 737 1312 801 multis
1329 739 1470 808 dederit·

372 836 673 918 transcriptoribus.
718 835 870 914 Quorum
892 842 1063 902 auctorum
1087 838 1238 901 nonnulli
1253 838 1338 902 adeo
1353 839 1396 904 de
1418 862 1465 905 eo·

373 937 482 1004 securi
499 935 638 1014 fuerunt,
653 943 690 1000 ut
703 939 848 1002 nominis
863 939 963 1002 etiam
979 940 1149 1021 potuerint
1169 939 1334 1004 oblivisci.
1379 940 1458 1004 Ful-

371 1042 483 1104 bertus
499 1035 723 1115 Camoteneis,
738 1039 795 1120 qni
811 1039 917 1120 Epist.
932 1038 986 1103 96.
1000 1039 1174 1104 Valerium
1201 1039 1328 1104 Rufum
1349 1049 1459 1106 vocat.

372 1140 563 1203 Sermonem
578 1138 649 1220 ejus
664 1139 834 1202 incessunt
849 1139 964 1221 aliqui.
1007 1138 1129 1218 Nobisv
1141 1159 1221 1204 sane
1236 1139 1411 1204 militarior
1424 1147 1459 1206 et

372 1239 578 1316 castrensior,
593 1258 692 1321 quam
709 1240 839 1304 civilior
861 1245 894 1304 et
915 1241 1073 1304 urbanior
1085 1241 1226 1318 videtur,
1254 1247 1371 1306 tamen
1380 1243 1459 1306 talis

370 1348 409 1405 ut
431 1340 474 1405 ad
494 1341 559 1405 boc
582 1340 774 1423 scriptionis
798 1361 900 1422 genus
926 1342 1182 1407 commodiorem
1208 1347 1321 1425 putem
1346 1343 1458 1408 soluto

372 1443 501 1525 aliquo,
516 1454 551 1505 et
564 1441 696 1505 lumbos
711 1442 752 1506 ad
768 1443 913 1506 alienum
928 1443 1100 1506 arbitrium
1114 1443 1275 1507 trahente.
1312 1440 1380 1519 Qui
1395 1443 1457 1507 Vi-

370 1546 516 1609 truvium
527 1543 737 1626 Pliniumque
753 1543 915 1607 seniorem
929 1545 1056 1625 legerit,
1072 1550 1198 1628 partem
1214 1545 1318 1609 ctiam
1332 1545 1457 1612 Velleii

370 1643 552 1723 Paterculi,
560 1644 651 1707 nullo
667 1648 849 1728 temporum
859 1645 1055 1728 praejudicio
1069 1647 1112 1710 ad
1126 1645 1256 1710 Valerii
1271 1645 1457 1712 damnatio·

368 1764 442 1808 nem
457 1746 574 1808 veniet.
619 1743 789 1822 Quaesivit
814 1749 849 1809 in
874 1749 975 1811 rebus
1000 1748 1096 1812 seriis
1113 1747 1296 1813 orationem
1311 1768 1455 1829 gravem,

370 1847 532 1923 strictam,
545 1846 722 1923 ardentem,
747 1848 879 1931 plenam
895 1851 1042 1914 censuris
1066 1854 1099 1913 et
1124 1848 1299 1914 laudibus:
1320 1850 1355 1912 in
1377 1869 1457 1914 con-

368 1949 477 2012 trariis
491 1948 733 2011 narrationibus
747 1958 979 2033 properantem
994 1957 1029 2016 et
1043 1951 1285 2030 vehementem,
1310 1971 1377 2041 quo
1401 1971 1457 2032 ge·

367 2053 444 2114 nere
461 2049 658 2115 Historiolae
673 2049 757 2114 tales
777 2059 867 2135 apte,
882 2052 1020 2132 fortiter,
1036 2053 1226 2129 efficaciter,
1238 2059 1272 2118 et
1290 2052 1457 2136 profunde

368 2151 488 2214 animis
502 2153 687 2234 praesertim
698 2159 887 2236 magnatum
900 2155 1152 2238 imprimuntur:
1167 2156 1257 2238 quod
1273 2175 1352 2236 ergo
1367 2155 1456 2217 ineo

368 2251 558 2335 vituperant
571 2253 631 2332 illi,
647 2272 797 2318 nuscum
812 2256 927 2336 primis
942 2255 1129 2331 laudamus,
1155 2262 1189 2318 et
1207 2256 1372 2336 judicium
1398 2272 1456 2315 na-

367 2358 450 2418 turae
459 2352 614 2434 junctum
629 2354 849 2432 agnoscimus.

858 2499 964 2563 Idem.

408 2632 565 2698 Valerius
580 2629 753 2696 Maximus
779 2631 976 2697 utilissimus
999 2639 1118 2699 auctor
1139 2639 1203 2709 est,
1229 2639 1261 2699 et
1287 2633 1454 2700 Romanis

365 2734 466 2797 rebus
478 2734 672 2796 florentibus
683 2731 770 2798 haud
785 2733 951 2816 ignobilis,
959 2741 1076 2819 utpote
1087 2755 1184 2818 quem
1198 2735 1453 2818 laudentmagni

367 2832 541 2913 Philologi,
557 2833 618 2896 etsi
646 2833 737 2916 prior
758 2833 943 2917 posteriore
965 2836 1066 2919 longo
1087 2837 1260 2903 intervallo
1275 2839 1453 2921 posterior,

365 2933 564 2998 Plutarchus
581 2939 613 2998 et
627 2933 789 3018 Agellius.
834 2928 1037 3003 Rectissime
1060 2940 1101 3004 de
1127 2959 1168 3004 eo
1194 2947 1309 3005 censet
1327 2940 1370 3004 ad
1386 2939 1452 3004 Eu·

365 3036 495 3101 sebium
509 3036 660 3119 Scaliger
682 3037 865 3120 plurimum
885 3039 1043 3106 interesse
1065 3039 1166 3125 Reip.
1182 3041 1356 3107 Literariae
1378 3061 1452 3105 erun

363 3144 479 3202 extare
501 3137 543 3202 ad
565 3145 682 3203 nostra
695 3146 856 3224 tempora.
900 3141 948 3205 Ut
970 3143 1142 3208 minimum
1167 3143 1256 3206 enim
1278 3142 1452 3206 Dictorum

364 3238 608 3322 Factorumque
632 3239 869 3304 Memorabiles
885 3226 1239 3306 Historioias'centum
1262 3247 1296 3302 et
1319 3242 1452 3321 triginta

363 3340 396 3402 in
410 3359 450 3403 eo
463 3359 635 3423 superesse
650 3340 831 3420 aliqnando
845 3341 970 3416 notavi,
993 3361 1131 3423 quorum
1154 3341 1310 3404 damnum
1325 3341 1451 3404 amisso

361 3439 425 3504 hoo
440 3448 575 3504 auctore
591 3458 636 3500 ex
651 3438 746 3500 nullo
762 3437 829 3502 alio
852 3441 998 3520 reparari
1021 3442 1141 3530 possit.
1185 3439 1346 3504 Barbaria
1366 3445 1448 3505 tem·

361 3541 500 3624 poribus
527 3538 715 3605 tritissimus
740 3537 803 3602 fuit
826 3539 870 3602 ob
894 3540 1087 3604 varietatem
1112 3543 1359 3608 narrationum:
1382 3564 1450 3627 quo

361 3661 476 3725 genere
501 3639 656 3704 delectati
683 3641 829 3703 maxime
857 3639 994 3714 luerunt
1016 3641 1136 3707 Patres
1161 3643 1211 3707 illi
1235 3643 1449 3709 scholastici.

359 3743 493 3808 Habuit
508 3741 638 3805 illorum
648 3742 846 3806 saeculorum
862 3762 927 3807 uno
940 3751 1122 3809 amatorem
1133 3746 1294 3830 insignem
1306 3746 1447 3810 Danioae

361 3843 523 3910 Historiae
540 3841 742 3906 conditorem
757 3843 923 3908 Saxonem
939 3839 1213 3927 Grammaticum,
1223 3849 1272 3912 sic
1285 3847 1368 3912 satis
1382 3846 1448 3910 La-

359 3944 501 4007 tinitatis
515 3944 699 4010 scribendae
714 3964 874 4028 capacem
888 3952 1072 4027 auctorem,
1097 3956 1130 4013 et
1155 3947 1291 4032 poetam
1314 3948 1447 4023 omnino

360 4061 462 4124 supra
487 4050 620 4129 captum
643 4049 754 4114 aetatis
779 4069 863 4114 suae.
908 4049 972 4114 Est
998 4058 1109 4114 autem
1130 4069 1260 4130 magna·
1278 4049 1447 4114 accuratio

359 4143 487 4208 Valerii
501 4147 535 4206 in
548 4148 681 4229 multis;
704 4157 741 4215 ut
762 4151 866 4215 multa
887 4150 1003 4216 melius
1021 4156 1130 4215 narrat
1144 4151 1227 4232 ipsis
1242 4151 1446 4230 auctoribus,

358 4245 446 4312 unde
460 4247 575 4325 sumit,
590 4248 716 4313 additis
731 4251 926 4334 plerumque
950 4253 1121 4338 praeclaris
1141 4252 1285 4318 monitis·
1329 4255 1446 4321 Libro-
