3224 5162
393 469 394 472 ¹
458 447 554 513 'clu
571 464 652 512 vrrr.
677 464 726 512 os
751 462 979 526 urnrcuurs,
1210 455 1275 520 209

186 611 311 678 Latina
325 609 368 676 ad
382 613 536 692 quartum
549 604 753 683 milliarium,
777 624 818 670 eo
841 610 987 688 tompore
1011 625 1088 670 curu
1117 609 1189 674 aede
1215 632 1278 678 sua

185 716 424 787 consecratum,
440 727 507 789 quo
521 705 736 770 Coriolanum
745 713 763 740 '
785 707 829 770 ab
844 707 980 776 excidio
994 707 1099 774 Urbis
1119 717 1277 780 maternos

185 832 306 897 preces
328 810 533 892 repulerunt,
556 826 625 870 non
650 807 763 883 semel,
778 808 839 871 sed
862 809 916 874 bis
941 808 1088 874 locutum
1115 815 1278 892 constitit,

184 913 279 996 prius
291 913 343 975 bis
356 909 468 976 verbis
480 929 489 973 ι
499 914 523 954 ²³
541 907 639 972 ‘Rite
653 927 706 971 me
719 913 879 973 matronae
893 909 1044 976 vidistis:
1060 910 1207 995 Riteqne
1221 915 1278 979 de-

186 1010 368 1078 dicastis't

225 1116 258 1177 5.
279 1111 416 1178 Valerio
431 1113 543 1175 autem
557 1107 758 1191 Poplicola¹
779 1107 860 1173 Cos.
876 1108 935 1192 qni
960 1114 1038 1192 post
1062 1117 1201 1176 exactos
1227 1133 1278 1178 re·
1343 1107 1346 1112 ’

184 1232 244 1296 ges
257 1212 385 1278 bellum
406 1229 483 1276 cum
494 1208 696 1274 Veientibus
716 1215 750 1274 et
771 1199 950 1274 Hetruscis
963 1211 1080 1291 gessit,
1103 1212 1172 1278 illis
1196 1213 1278 1278 Tar-

184 1313 300 1398 quinio
326 1312 540 1395 pristinum²4
560 1309 737 1389 imperium
758 1311 957 1386 restituere,l
980 1309 1145 1376 Romanis
1170 1332 1279 1396 nuper

184 1415 513 1498 partamlibertatem
535 1409 674 1474 retinere
696 1410 926 1491 cupientibus:
952 1410 1130 1476 Hetruscis
1145 1419 1181 1477 et
1195 1413 1277 1478 Tar·

182 1515 297 1597 quinio
312 1516 348 1577 in
362 1533 462 1578 comu
476 1512 616 1576 dextro¹
638 1509 792 1593 proelio²⁵
815 1510 1057 1591 superioribus
1083 1519 1195 1577 tantus
1211 1523 1278 1578 ter·

181 1634 238 1678 ror
252 1616 367 1678 subito
380 1613 528 1690 incessit,
541 1617 581 1675 ut
594 1630 662 1675 non
684 1611 791 1673 solum
812 1611 955 1675 victores
976 1611 1042 1693 ipsi
1057 1612 1277 1694 profugerent,

182 1714 361 1780 sedetiam
376 1713 512 1797 pavoris
531 1712 586 1776 sui
608 1717 777 1777 consortes
792 1729 916 1813 sacru
925 1709 1082 1784 Veientes
1103 1713 1276 1778 traherent.

184 1814 251 1879 Cui
275 1815 323 1878 rei
331 1812 359 1853 ²⁶
380 1832 440 1895 pro
466 1818 658 1894 argumento
680 1810 876 1875 miraculum
896 1809 1068 1894 adjicituu
1090 1811 1206 1892 ingens
1228 1833 1277 1875 rea

184 1921 286 2001 pente
300 1933 370 1978 vox
386 1914 574 1997 eproxima
597 1912 694 1994 sylva
708 1911 837 1990 Arsia,⁸
856 1931 930 1994 quoe
945 1930 1001 1975 ore
1019 1911 1217 1994 Sylvani²⁷b
1240 1914 1275 1976 iu

645 2069 687 2090 ΟΝ
690 2069 822 2090 ΟΜΟΝΝΟ

181 2158 246 2203 -23
262 2154 354 2204 ‘Sicut
374 2159 457 2203 toturn
477 2152 545 2202 huuc
565 2152 650 2201 locum
672 2151 799 2212 dedimus,
815 2152 911 2213 legitur
929 2150 956 2199 in
978 2149 1095 2201 omnibus
1115 2151 1191 2202 editt.
1216 2159 1279 2201 ante

183 2218 313 2280 Pighium,
328 2224 356 2268 et
366 2218 431 2266 Mss.
442 2222 539 2279 praeter
549 2215 670 2265 Scmbuci
680 2215 739 2265 cod.
752 2217 810 2265 ubi:
828 2215 866 2263 bis
873 2214 941 2277 prius
951 2214 1040 2262 verta:
1057 2217 1105 2264 rite
1117 2230 1152 2264 me
1163 2220 1277 2263 matronas

181 2282 291 2330 cidutis:
306 2282 407 2336 deindec
421 2281 469 2330 rite
478 2281 611 2329 dedicastis.
636 2278 689 2329 Sed
699 2278 729 2327 rb
740 2280 822 2330 deiude
834 2278 895 2326 mibi
907 2277 1010 2342 quidem
1022 2277 1124 2327 videtur
1136 2279 1278 2342 explicatio

181 2346 225 2394 τοῦ
235 2360 287 2408 pac.
321 2345 435 2406 Pighius,
451 2343 495 2407 qui
515 2343 541 2390 in
560 2342 673 2391 lectione
692 2342 797 2404 vulgate
815 2342 879 2390 nihil
897 2342 1007 2401 invenit,
1023 2342 1090 2404 quod
1108 2343 1142 2405 τῷ
1159 2343 1226 2404 prius
1237 2357 1279 2390 re·

184 2409 334 2472 sponderet,
351 2406 414 2456 illud
432 2407 552 2467 mutarit,
568 2411 596 2455 et
613 2420 647 2454 ex
662 2407 765 2468 ingenio
783 2404 869 2467 dedit,
884 2405 923 2453 liic
939 2419 1005 2468 paee
1023 2405 1115 2463 scaritis,⁸
1140 2406 1206 2468 quod
1228 2415 1278 2454 nou

182 2473 287 2536 placet!
302 2474 382 2534 Kapp.
415 2470 518 2534 Lipsius
538 2469 606 2532 conj.
628 2469 703 2532 priuis
722 2469 760 2518 liis
777 2469 871 2524 sertin
897 2468 947 2529 vel,
971 2468 1078 2518 constitit
1099 2469 1216 2532 patribus,
1241 2469 1280 2518 tn

182 2537 268 2586 verbu.
301 2535 401 2585 Gudius
412 2535 501 2595 malit;
518 2533 575 2582 Rite
585 2547 622 2581 me
633 2537 744 2581 mutronce
755 2532 857 2592 abistis,
873 2530 1036 2594 improbante
1053 2530 1185 2582 Torreuio.
1219 2532 1279 2581 Duo

182 2599 275 2650 Rbem.
286 2600 397 2648 babent:
414 2599 481 2660 prius
489 2597 580 2644 ritem
589 2599 702 2644 marona
712 2595 814 2644 aidutb.
847 2594 968 2657 Sunt'qui
982 2608 1029 2657 pro
1040 2595 1165 2645 dedicastis
1181 2595 1279 2644 babent

182 2664 288 2712 dicastis.
320 2662 462 2724 Singularis
482 2659 524 2708 hic
538 2665 580 2707 est
591 2657 688 2708 Aldus:
708 2658 765 2707 Rite
783 2674 814 2708 m.
832 2674 863 2707 m.
881 2658 1051 2708 societis-24
1069 2658 1151 2708 Codd.
1162 2657 1280 2709 Perizou.

182 2726 262 2776 Barb.
273 2730 297 2774 1.
309 2731 333 2774 2.
344 2733 372 2772 et
381 2724 473 2772 Heius.
485 2726 510 2770 l.
530 2721 669 2784 Tarquinios
686 2724 712 2770 ia
728 2723 869 2785 mutinum:
885 2721 960 2770 Harl.
972 2728 999 2770 et
1011 2721 1084 2771 Leid.
1095 2726 1119 2770 d.
1140 2722 1280 2798 Tarquinios

198 2789 324 2836 stetinum:
341 2787 434 2848 Ultraj.
447 2791 470 2834 l.
489 2785 616 2847 Tarquinio
623 2786 739 2847 mmm:
756 2785 848 2834 Heius.
859 2789 882 2833 2.
896 2785 1022 2860 Tarquinio
1030 2784 1174 2848 pristinum:
1192 2800 1217 2834 rn
1230 2787 1281 2834 alio

208 2852 305 2900 erinon.
318 2851 421 2911 Tarpeia
429 2849 564 2912 pristinum.
596 2849 681 2911 Supra
693 2849 779 2910 plures
791 2848 870 2897 codd.
883 2849 1004 2897 Publicola
1012 2864 1021 2907 ,·
1036 2849 1110 2907 item,
1128 2849 1281 2898 Etruscis.-

184 2917 215 2961 25
233 2913 323 2987 Codex
335 2913 455 2960 Perizon.
467 2917 496 2960 et
509 2911 601 2959 Heius.
613 2916 638 2961 ἣ.
650 2925 666 2985 a
677 2925 711 2959 m.
724 2925 776 2984 sec.
787 2910 867 2972 prelii
879 2925 925 2971 pro
935 2912 1030 2985 piatio,
1044 2913 1112 2975 quod
1124 2913 1203 2960 babet
1214 2925 1279 2959 unus

185 2973 1281 3098 erra‚seruus-ra,arctare-03earn

681 3161 788 3213 NOTAE

187 3277 329 3342 Equestris,
344 3275 505 3337 elisVirilis,
522 3273 573 3323 alis
590 3271 647 3322 eliis
667 3287 712 3323 no·
753 3286 811 3322 cum
823 3272 919 3321 honore
931 3271 1019 3336 gessit.

186 3351 297 3402 minibus
307 3351 446 3414 insignita:
463 3349 519 3398 bac
531 3347 665 3398 Muliebris
676 3347 713 3398 di·
783 3355 795 3390 5
808 3348 942 3396 Pristtaum
954 3346 1076 3410 imperium
1084 3345 1221 3408 resbasci]
1232 3347 1282 3396 Le-

187 3427 263 3487 citnr,
282 3425 349 3490 qtrod
368 3425 402 3475 ad
424 3424 583 3475 liberandam
602 3423 712 3487 patrium
752 3422 898 3487 petionibus
917 3437 975 3472 eum
991 3422 1055 3471 nibil
1066 3420 1281 3485 proliceret'l'ar·

185 3502 244 3566 plus
255 3501 386 3562 mulieres,
400 3515 477 3565 quem
489 3498 546 3563 viri,
558 3506 611 3548 turn
624 3505 713 3561 potue·
753 3498 865 3563 quinino,
880 3497 999 3547 collectis
1018 3511 1051 3547 ex
1069 3497 1138 3547 omni
1157 3495 1283 3546 Hetruria

186 3576 251 3626 rint:
270 3588 350 3638 quare
370 3575 492 3626 Fortuna
514 3573 541 3622 iu
561 3574 600 3622 via
621 3573 715 3622 Istius
754 3573 879 3622 militibus
891 3572 917 3621 in
929 3572 1059 3622 Romanos
1070 3570 1158 3621 movit.

187 3650 219 3698 ad
233 3648 270 3698 rei
280 3648 439 3711 memoriam,
454 3655 482 3697 et
493 3649 626 3711 templum,
642 3654 669 3696 et
680 3647 715 3696 si·
786 3655 797 3680 ²
813 3648 843 3696 ln
853 3661 925 3696 cosan
934 3645 1030 3709 datto]
1044 3645 1125 3695 Varie
1135 3643 1244 3694 victoria
1255 3650 1283 3694 et

185 3723 326 3772 mubcrum
338 3735 352 3768 a
364 3720 514 3772 mulieribus
526 3720 684 3770 dedicatum.
755 3736 829 3786 aequo
847 3723 934 3771 Marte
954 3726 1095 3786 pugnaturn
1115 3725 1171 3780 θεὶς
1189 3719 1283 3768 dextre

218 3802 235 3827 '⁷
259 3797 313 3851 Quo
336 3794 495 3858 Coriolanum,
515 3795 568 3858 isc]
596 3795 636 3844 De
664 3808 715 3858 quo
755 3797 883 3860 utrimque
902 3810 1001 3845 cornua
1017 3795 1112 3856 vicere,
1127 3795 1194 3842 laeva
1209 3805 1284 3855 supe·

187 3877 279 3933 postea
290 3869 418 3934 pluribus.
756 3877 829 3918 rata:
846 3869 969 3918 Veientes
984 3870 1052 3917 enim
1063 3867 1131 3916 vinci
1142 3881 1157 3915 u
1169 3867 1283 3916 Romano

219 3944 301 3998 rAn.
318 3944 356 3993 M.
376 3947 449 3994 3567.
482 3943 526 3993 01.
538 3946 578 3994 78.
589 3946 613 3992 2.
652 3941 716 3992 Urb.
755 3945 837 3993 milite
860 3943 957 3994 assueti
984 3942 1035 3992 fusi
1062 3940 1196 4007 frigutique
1218 3947 1285 4004 sunt,

189 4019 217 4068 C.
229 4018 486 4069 tununnensis.
756 4019 948 4083 Tarquiniensis
972 4032 1053 4067 novus
1083 4019 1163 4068 bostis
1186 4018 1219 4067 ab
1238 4031 1283 4066 sua

220 4101 233 4126 ¹
260 4095 354 4144 Valerio
374 4091 507 4157 Poplicola]
535 4092 587 4145 Qui
609 4094 717 4156 expulso
757 4100 832 4156 purte
844 4093 986 4141 Romanurn
998 4093 1105 4158 pepulit.

190 4166 316 4218 Collatino
337 4170 364 4219 iu
387 4169 520 4232 Collegem
550 4175 677 4218 assumtus
702 4182 717 4217 s
789 4165 901 4228 ⁸Anta]
919 4166 961 4216 An
977 4165 1054 4216 Arsia
1073 4168 1283 4232 sylvs,anAEsu-

190 4241 283 4300 Bruto,
306 4250 417 4306 quatuor
438 4243 595 4294 Consulatus
617 4256 717 4294 summo
756 4243 825 4294 vium
839 4243 995 4296 Ursiuumve
1017 4252 1119 4308 pratum
1145 4245 1284 4310 legendum

253 4318 340 4383 Delpb.
349 4327 373 4372 ct
387 4323 443 4374 Vas.
455 4323 521 4374 ctas.
662 4322 715 4372 Vol.
727 4321 800 4375 Mac.
1192 4325 1217 4373 0
