3266 5174
323 386 390 454 276
550 406 552 415 ¹
635 397 789 446 vanarn
815 397 961 445 unxrur
986 397 1056 445 urs.
1080 397 1119 444 rr.

325 545 446 612 Asiam
461 562 538 608 cum
561 540 643 604 Sex.
658 539 822 623 Pompeio
835 549 849 588 Ρ
871 543 1002 622 petens,
1019 537 1041 603 J
1044 538 1136 604 ulida
1147 539 1174 578 ²⁸
1196 542 1355 627 oppidum
1370 541 1419 608 ina

325 648 419 715 trevi.
464 644 565 707 Forte
579 643 704 706 enim²⁹
725 642 850 719 evenit,
871 648 910 705 nt
935 649 1015 706 tunc
1031 661 1170 706 summae
1185 642 1357 724 dignitatis
1373 644 1420 710 ibi

324 748 473 821 soemina,
489 744 551 808 sed
562 744 687 808 ultimae
698 744 769 828 jam
784 743 977 821 senectutis,
993 743 1123 808 redditu
1138 745 1264 808 ratione
1278 747 1420 820 civibus,

324 869 382 914 cur
395 848 558 912 excedere
568 848 639 912 vita
653 846 798 923 deberet,
813 864 939 910 veneno
950 864 1148 920 ¹consumere
1160 865 1194 909 se
1208 846 1421 924 destinarit,³⁰

324 954 528 1034 mortemque
548 967 643 1014 suam
667 946 820 1031 Pompeii
843 947 1024 1029 praesentia
1038 947 1209 1011 clariorem
1225 947 1296 1010 fieri
1311 949 1421 1030 magni

325 1054 506 1118 estimarit.
550 1051 625 1116 Nec
639 1067 757 1134 preces
770 1047 843 1131 ejus
857 1049 908 1112 uir
922 1048 994 1126 ille,
1009 1054 1049 1112 ut
1062 1049 1216 1112 omnibus
1231 1049 1419 1124 virtutibus,

324 1155 372 1220 itu
384 1153 597 1218 humanitatis
612 1170 748 1236 qnoque
763 1150 923 1216 laudibus
938 1151 1229 1227 instructissimus,
1250 1151 1420 1235 aspernari

327 1255 496 1322 sustinuit
540 1251 647 1318 Venit
668 1255 818 1336 itaque³¹
842 1254 885 1317 ad
910 1272 997 1330 earn,
1019 1250 1326 1336 facundissimoque
1353 1271 1421 1317 ser·

325 1377 436 1433 moue,
451 1355 509 1440 qui
523 1375 580 1419 ore
595 1354 669 1438 ejus
676 1355 783 1437 quusi
797 1373 816 1418 e
830 1355 932 1419 beato
947 1353 1095 1438 quodum
1110 1354 1312 1437 eloquentiae
1328 1353 1419 1419 fonte

325 1461 497 1534 manabat,
512 1458 556 1522 ab
573 1458 709 1539 incepto
723 1455 864 1520 consilio
879 1454 936 1519 diu
950 1455 1175 1537 nequicquam
1188 1474 1348 1520 revocare
1363 1475 1420 1520 co-

327 1567 437 1638 natus,
461 1560 505 1624 ad
528 1559 683 1623 ultimum
707 1558 922 1641 propositum
947 1557 1068 1639 exequi
1095 1576 1219 1640 passus
1246 1557 1322 1636 est,l
1344 1574 1421 1641 quae

325 1662 574 1745 nonagesimum
591 1679 713 1725 annum
732 1667 941 1742 transgressa
964 1680 1039 1724 curn
1056 1679 1184 1724 summa
1207 1667 1241 1724 et
1267 1661 1368 1725 animi
1390 1666 1422 1725 et

326 1765 478 1848 corporis
489 1761 699 1840 sinceritate‚⁸'
719 1763 854 1842 lectulo,
863 1769 1022 1846 quantum
1036 1762 1231 1844 dignoscere
1245 1770 1327 1841 erat,
1338 1782 1422 1845 quu-

326 1866 456 1931 tidiana
480 1864 720 1930 consuetudine
742 1866 864 1930 cultius
880 1871 1020 1930 strato³²
1043 1867 1218 1943 recubans,
1244 1872 1281 1929 et
1304 1863 1421 1929 innixa

328 1968 452 2043 cubito,
474 1966 574 2031 ‘Tibi
589 1965 746 2048 quidem,'
760 1967 903 2049 inquit,³³
928 1965 1029 2030 ‘Sem
1043 1967 1199 2050 Pompei,
1224 1967 1284 2031 Dii
1297 1967 1419 2048 magle,

327 2089 414 2153 quos
427 2069 590 2151 relinquo,
604 2088 705 2151 quam
716 2087 802 2152 quos
814 2073 906 2152 pete,
918 2069 1043 2150 gratias
1057 2068 1219 2133 referant:
1233 2069 1314 2152 quia
1324 2075 1351 2115 ³4
1360 2086 1423 2132 nec

326 2170 474 2236 hortator
500 2172 577 2235 vitae
603 2191 700 2247 mere,
725 2189 787 2234 nec
816 2170 934 2250 mortis
960 2174 1129 2252 spectator
1155 2189 1230 2234 esse
1255 2169 1423 2234 fastidisti.

330 2270 484 2334 Ceterum
503 2271 581 2355 ipsa
594 2270 731 2335 hilarem
748 2269 904 2332 Fortunae
918 2268 1046 2333 vultum
1063 2290 1194 2351 semper
1207 2276 1357 2353 experta,
1382 2290 1424 2334 no

327 2371 488 2436 aviditate
502 2371 588 2436 lucis
613 2373 741 2436 tristem
756 2369 874 2446 intueri
888 2386 1001 2448 cogar,
1025 2369 1187 2452 reliquias
1203 2366 1342 2452 spiritus
1357 2373 1425 2436 mei

327 2492 488 2558 prospero
503 2472 579 2546 fine,
590 2472 673 2534 duas
689 2469 789 2546 filias,
802 2474 837 2532 et
853 2473 979 2551 septem
994 2475 1152 2552 nepotum
1163 2491 1294 2554 gregem
1309 2493 1425 2556 super-

328 2573 438 2638 stitem
452 2568 646 2647 relictura,³⁵
660 2562 854 2652 permuto'l
895 2567 1078 2636 cohortata
1094 2572 1216 2637 deinde
1232 2573 1276 2637 ad
1288 2593 1423 2646 concor-

361 2775 375 2846 ξ
392 2775 494 2824 Tandem
503 2791 587 2838 passus
597 2781 631 2826 'est
644 2781 741 2826 mortem
751 2776 797 2825 siti
808 2777 995 2839 conciuerant
1005 2784 1166 2841 proposuerat.

359 2847 368 2871 ⁸
385 2840 445 2888 Cum
454 2841 559 2889 maximo
568 2841 708 2901 integritate
718 2845 742 2890 et
752 2841 856 2904 purtim
867 2846 891 2891 et
902 2843 976 2892 uuimi
986 2849 1009 2892 et
1022 2843 1135 2906 corporis.

356 2903 369 2947 θ’
384 2902 481 2966 Semper
491 2912 590 2968 experte
595 2907 720 2965 fortunam
736 2905 795 2954 mitt
805 2907 940 2968 sanarem,
950 2922 978 2955 ue
989 2909 1054 2956 iilam
1065 2907 1124 2956 mihi
1135 2908 1256 2956 aduersum
1276 2922 1348 2969 cogor
1357 2921 1426 2971 eupe-

327 2970 373 3020 riri
382 2983 426 3032 per
436 2969 532 3018 uiminm
540 2969 634 3019 uiuendi
643 2972 805 3033 cupiditatem,
814 2973 875 3019 mato
885 2977 960 3020 morte
965 2972 1034 3030 felici
1045 2973 1230 3034 aecneaque
1240 2972 1299 3020 mihi
1309 2974 1426 3034 reliquum

327 3035 385 3084 oitoe
401 3047 448 3081 esse
464 3039 551 3098 posset,
567 3036 681 3085 relictura
697 3040 721 3084 et
736 3037 794 3084 duos
802 3035 882 3100 fliius,
898 3040 922 3084 et
938 3051 1048 3099 maguum
1064 3041 1173 3101 nepotum
1183 3038 1357 3086 multitudinem
1367 3037 1426 3084 mihi

325 3099 484 3162 superstitem.
1202 3104 1205 3110 ’

789 3179 967 3199 adnuente

329 3289 387 3326 zon.
399 3282 427 3325 et
436 3277 531 3340 Uitraj.
544 3281 567 3326 2.
578 3277 700 3328 Ceu-w
716 3275 840 3340 Plerique
852 3275 928 3326 codd.
938 3277 1031 3338 Jutido,
1043 3277 1084 3325 vel
1095 3277 1177 3326 Jutide
1183 3292 1194 3334 ,⁴
1211 3277 1283 3326 Leid.
1296 3281 1321 3328 2.
1338 3277 1425 3334 riusa·

329 3340 426 3404 Uitraj.
438 3345 462 3390 1.
474 3346 498 3390 2.
509 3342 601 3403 iulide,
617 3341 636 3389 i.
646 3340 827 3401 aulida—29
843 3341 950 3390 Venett.
967 3351 995 3388 et
1015 3341 1103 3388 ruttltae
1123 3342 1190 3400 aliae,
1207 3343 1282 3390 Forte
1297 3342 1360 3390 euim
1370 3348 1424 3390 tuuc

329 3406 421 3454 euenit:
437 3405 534 3468 Uitraj.
546 3409 568 3454 l.
579 3409 603 3454 2.
612 3419 708 3454 summe
717 3405 751 3452 iti
761 3405 1008 3466 diguitatissoemiuu:
1025 3405 1144 3452 Perizon·
1156 3405 1227 3454 delet
1238 3410 1293 3454 tuus
1310 3413 1337 3454 et
1348 3406 1424 3454 ibi.-

329 3472 361 3516 30
377 3466 516 3517 Tredecim
528 3483 585 3517 cum
597 3469 660 3518 Vet.
676 3468 819 3518 destinaret.-
836 3477 864 3519 et
874 3483 934 3518 mox
945 3467 1054 3517 totidem
1065 3468 1268 3518 ‹estimaret-31
1290 3470 1425 3534 Veuitisque

328 3533 405 3581 Voss.
420 3533 533 3596 Veattque
544 3533 636 3596 Uitraj.
648 3539 672 3581 1.
684 3539 711 3582 et
723 3533 816 3595 Capes-
827 3534 867 3596 qui
878 3532 907 3582 ab
918 3547 958 3596 ore
965 3534 1015 3594 ejus
1023 3532 1097 3581 Harl.
1107 3547 1138 3580 eu
1149 3547 1188 3581 ore
1198 3542 1308 3597 quatuor
1318 3537 1424 3584 Torren.

328 3597 370 3659 qui
379 3611 418 3646 ore
428 3596 479 3673 eius
487 3597 554 3672 qpusi
564 3596 631 3645 teoto
639 3597 736 3671 tiltraj.
743 3600 767 3646 1.
779 3599 820 3672 qui
829 3613 860 3646 es
871 3611 910 3672 ope
920 3597 969 3656 p'us
980 3597 1014 3644 sic
1021 3598 1087 3659 quasi
1098 3612 1111 3646 e
1121 3597 1188 3647 heuto
1196 3599 1291 3663 Copes.
1312 3599 1425 3662 Deinde,

327 3661 1037 3776 tttmrttltttituurrvzrtrttttlffiru
1046 3663 1426 3796 ttiutttftttrsttt:

327 3793 392 3842 —33
412 3791 473 3852 Tibi,
490 3792 567 3854 iuquit
583 3791 610 3839 in
627 3789 687 3839 edd.
706 3793 834 3838 vett—34
851 3790 941 3839 Codex
953 3789 1072 3839 Perizon.
1093 3806 1151 3841 cum
1170 3792 1259 3841 decern
1276 3793 1383 3840 Torren.
1395 3797 1424 3839 et

328 3853 391 3904 Vet.
402 3869 449 3918 pro
460 3855 516 3918 quio
525 3855 623 3906 habent
633 3856 710 3918 quod;
727 3853 876 3904 Perizonius
887 3854 970 3916 malit,
985 3856 1099 3918 qut-tt
1116 3857 1159 3907 Its
1170 3857 1277 3921 Pighius
1288 3869 1320 3902 ex
1328 3853 1422 3902 Cauch.
1447 3869 1452 3878 ’

822 3983 929 4034 NOTAE

362 4092 452 4142 ¹‘tium
469 4093 527 4146 Sex.
548 4075 672 4160 Pompeio]
696 4096 747 4147 Qui
765 4098 856 4146 eodem
897 4098 1067 4148 Germanicus
1088 4096 1188 4146 Pisonis
1206 4092 1305 4141 insidiis
1324 4106 1423 4143 veneno

329 4176 407 4225 anuo,
431 4181 481 4228 quo
506 4168 636 4231 Augustus
659 4169 734 4235 obiit,
761 4173 857 4222 Consul
897 4173 974 4234 periit
992 4173 1018 4219 in
1036 4172 1119 4234 Syria.
1153 4169 1222 4220 Vide
1238 4169 1421 4236 Pompeiorum

330 4241 857 4307 erubetProconsultlsirepraefuit‚cunr
896 4245 1027 4303 familiam.
