3432 5236
695 525 901 575 nnmnsrro.
1278 509 1344 574 109

255 670 404 740 videtur:
427 689 567 757 quorum
582 671 706 736 eximio
720 670 846 754 fulgore
860 669 1004 734 murrum
1023 667 1244 733 caerimoniis*
1265 687 1343 733 uos-

256 777 316 840 tris
330 776 464 858 inclytus
479 769 665 838 claritatis⁹
688 770 857 836 accessit.i
900 769 995 834 Deos
1015 769 1103 833 enim
1127 767 1272 850 reliquos
1288 787 1343 833 ac·

256 877 414 959 cepimus,
437 873 590 938 Caesares
608 869 785 937 dedimus.f
825 872 868 936 Et
890 871 1049 956 quoniam
1071 868 1203 935 initium
1217 889 1240 933 a
1253 870 1345 935 cultu

238 977 404 1041 „Deorum
418 981 527 1060 petere
539 975 574 1038 in
587 974 696 1040 animo
710 979 772 1053 est,
793 973 836 1039 dc
859 972 1047 1038 conditione
1062 973 1135 1056 ejus
1157 970 1345 1036 summatim

256 1077 427 1142 disseram.

286 1255 300 1290 ὅ
315 1255 345 1308 Si
354 1257 431 1320 poiioe
438 1256 629 1320 moesrastissimi
639 1257 714 1306 solent
725 1256 832 1304 irnoourc
842 1253 920 1304 Deum
933 1253 1033 1316 aliquem
1047 1250 1117 1302 initio
1132 1265 1226 1316 operum
1242 1267 1345 1315 suorum,

254 1322 327 1370 murro
337 1324 413 1383 mugis
423 1337 466 1382 ego
476 1321 544 1382 louge
554 1322 605 1369 iilis
614 1320 713 1380 inferior
729 1319 798 1368 debeo
813 1319 938 1382 implorare
956 1323 1022 1367 tunm
1034 1317 1157 1377 suonrcm:
1174 1318 1233 1379 quod
1252 1317 1346 1366 incerto

254 1389 346 1434 iunium
355 1386 461 1448 opinione
471 1387 628 1446 cognoscimus
642 1384 794 1434 diuinitatem
811 1385 909 1432 aliorum
927 1384 1037 1443 Deorum,
1054 1387 1119 1430 tuom
1135 1395 1189 1430 nero
1207 1385 1346 1442 masenius

254 1449 326 1498 oculis
335 1451 459 1510 cernisrus,
474 1451 585 1512 cpuan
603 1448 726 1498 diuinitati
743 1448 778 1496 iui
793 1447 869 1510 patris
879 1447 992 1508 Augurii,
1008 1451 1032 1495 ei
1049 1446 1085 1494 iui
1100 1445 1139 1493 ani
1149 1445 1211 1493 Juiii
1226 1444 1328 1493 Gaesoris
1336 1460 1346 1501 ,¹

250 1513 338 1575 quibus
355 1515 382 1563 in
399 1514 504 1563 Deorum
522 1527 643 1562 summum
658 1511 777 1576 ascriptis,
799 1512 885 1572 ingens
899 1509 1041 1560 curimnsiis
1059 1509 1217 1558 Rorrnnmm
1237 1510 1345 1573 spierudor

251 1577 360 1626 ‘cerm

708 1666 891 1688 ΝΜΟΝΝΝ

253 1766 397 1880 νιξηὲἱὲῇ.
412 1773 436 1818 2.
457 1767 565 1819 Medici.
581 1775 609 1818 ct
626 1769 795 1834 Mognnt.·—·9
811 1769 843 1818 Iu
862 1765 1015 1833 quibusdum
1031 1763 1109 1816 codd.
1126 1765 1232 1815 Turrcn.
1250 1765 1345 1829 incipis

250 1846 270 1879 u
295 1847 308 1880 c
369 1847 399 1880 rs.

744 1946 850 1998 NOTAE

250 2058 325 2122 gusti
335 2058 453 2108 Tiberius
465 2067 557 2110 ustura
567 2060 634 2110 filius
651 2060 716 2110 fuit:
731 2061 780 2114 ,sed
821 2052 958 2122 credimus,
982 2057 1021 2106 nir
1038 2054 1192 2112 Prretorius‚
1208 2051 1346 2111 Numerius

250 2132 301 2181 ilie
312 2147 328 2180 n
338 2133 408 2183 Jniiu
426 2148 459 2183 ex
475 2135 555 2185 Accio
568 2137 663 2186 sororis
673 2136 728 2184 fiiis
738 2150 782 2184 ne·
821 2136 931 2197 nomine,
948 2134 992 2198 qui
1003 2135 1113 2183 animum
1124 2131 1190 2180 iliius
1206 2133 1309 2179 euntem
1320 2129 1346 2178 iu

252 2221 320 2272 pos3
337 2207 379 2256 hic
394 2209 426 2257 ub
441 2209 560 2273 Augusto
579 2225 612 2258 cx
632 2211 705 2259 Livio
722 2225 782 2259 con·
822 2213 914 2276 coeium
926 2211 1019 2259 vidisse
1037 2222 1064 2257 se
1076 2205 1244 2269 jurejurando
1256 2203 1347 2270 confir·

248 2283 318 2348 juge
349 2283 490 2348 privignus,
512 2285 595 2334 haeres
625 2291 783 2334 testumeuto
821 2292 921 2356 muncip
946 2284 1018 2348 cujus
1047 2281 1175 2335 mendacii
1206 2281 1348 2345 praeminm,

251 2356 366 2422 scriptus
382 2365 431 2408 est.
823 2369 891 2412 teste
903 2361 996 2423 Dione,
1012 2357 1056 2408 lib.
1068 2371 1133 2408 uvrr.
1150 2357 1236 2408 decies
1253 2363 1346 2418 sester-

289 2429 409 2496 isram]
433 2434 503 2483 Dum
525 2433 553 2483 in
574 2434 705 2496 honorem,
728 2433 783 2482 sive
822 2431 1198 2495 tiumsliviudcnoucccpit.
1236 2431 1347 2496 Utrique

250 2505 366 2557 Veneris
383 2508 526 2572 genitricis,
541 2513 572 2558 ut
588 2509 642 2558 ruit
669 2507 781 2568 Plinius,
822 2508 990 2563 tamensium
1005 2523 1053 2558 uon
1070 2507 1199 2558 immerito
1218 2505 1348 2569 tribuitur,

250 2581 311 2634 sire
327 2583 522 2646 Jniiicaesuris,
537 2589 568 2634 ut
583 2582 675 2633 scribit
690 2583 782 2633 Suetu-
822 2603 881 2638 cum
900 2589 927 2637 in
946 2589 1062 2637 Deorum
1084 2597 1217 2634 numerum
1238 2589 1347 2648 uterque

250 2657 321 2721 nius,
336 2659 409 2708 iudos
429 2659 521 2710 ederet
542 2659 688 2722 Angustus:
705 2657 782 2706 crini-
823 2661 953 2726 ascriptus
965 2667 1043 2712 esset.

251 2740 311 2785 tum
329 2734 399 2784 sidus
418 2749 465 2798 per
482 2739 582 2798 septem
598 2734 794 2801 dies'Septemy
855 2734 1043 2798 ⁰Caem’moniis]
1058 2733 1213 2784 Caerimonin
1231 2731 1296 2782 ritus
1308 2737 1349 2782 est

252 2809 367 2860 trionem
380 2811 468 2861 versus
479 2807 582 2856 fuisisse
594 2807 706 2868 dicitur3
727 2821 782 2856 cre·
822 2825 905 2872 sacer,
921 2809 984 2860 voci
1002 2809 1126 2871 deductu,
1152 2807 1193 2858 vel
1212 2823 1227 2857 u
1245 2808 1349 2868 Cerere,

252 2884 392 2946 ditnmqne
404 2883 480 2946 vulgo
497 2887 538 2931 est
549 2882 660 2931 animum
672 2883 782 2932 Caesaris
821 2887 864 2936 vel
878 2887 963 2950 potius
978 2899 994 2934 s
1011 2886 1085 2936 Caers
1099 2884 1229 2934 Hetrnriae
1240 2883 1347 2947 oppido,

252 2971 313 3008 esse
324 2957 351 3007 in
361 2958 452 3012 coeinm
463 2957 576 3020 recepti:
588 2957 698 3021 ideoque
707 2957 783 3020 iliius,
823 2961 891 3026 qnod
914 2961 1003 3011 Livius
1024 2962 1069 3011 lib.
1081 2977 1132 3013 vu.
1150 2963 1266 3027 uppeiist
1282 2963 1348 3012 ‘Su-

256 3039 315 3084 tum
332 3031 435 3095 statuis,
450 3036 504 3080 tum
518 3033 637 3094 nummis,
647 3033 721 3080 steila
740 3032 783 3082 nd·
824 3035 934 3084 crarium
945 3037 1034 3098 popuii
1047 3037 1163 3095 Romani,
1181 3037 1348 3086 diversorium

256 3109 324 3158 dits.
364 3106 405 3156 Ins
422 3107 568 3156 Suetonius.
610 3104 687 3154 Unde
705 3105 784 3154 etiam
824 3108 997 3168 secerdotum,
1013 3121 1044 3157 uc
1058 3111 1251 3171 receptaculum
1263 3121 1348 3158 sucru-

255 3181 397 3246 Virgiiinsr
418 3181 506 3230 ‘Ecce
525 3179 629 3230 Dicnaei
656 3179 784 3243 processit
824 3186 896 3232 rum?
927 3181 1003 3232 Quod
1022 3181 1189 3244 etinmpequ
1208 3187 1266 3245 port
1282 3181 1348 3231 affir-

259 3257 371 3308 ommis
383 3255 497 3306 nstrum!
522 3257 556 3305 Et
566 3255 699 3306 Horatius:
714 3253 784 3303 ιΜὶ·
824 3265 877 3307 mut
887 3255 1006 3307 Valerius
1017 3270 1043 3306 n.
1056 3259 1097 3305 1⁰.
1397 3249 1400 3256 ’

258 3339 305 3384 cst
316 3332 385 3382 inter
401 3346 488 3382 omnes
500 3331 598 3398 Julium
616 3329 698 3391 sidus,
714 3331 785 3379 reiut
856 3329 865 3363 ¹
881 3333 986 3382 Coesores
1001 3329 1117 3393 dedimus]
1133 3328 1230 3381 iulium
1250 3336 1278 3380 et
1297 3329 1350 3380 Au·

237 3463 240 3468 ,
258 3408 330 3459 iuter
344 3407 505 3471 ignes'lmus
517 3405 645 3456 minores?
676 3407 784 3456 Stellam
823 3411 934 3472 gustum,
950 3421 1057 3472 quorum
1067 3406 1110 3455 iile
1122 3404 1155 3454 sb
1165 3404 1293 3468 Angusto,
1308 3406 1348 3455 nic

259 3497 323 3533 vero
334 3490 394 3546 post
405 3482 517 3546 Augusti
528 3482 624 3532 obitum
636 3483 785 3546 apparuisse
823 3499 839 3534 a
859 3483 970 3546 Tiberio,
982 3483 1008 3533 iu
1027 3485 1144 3534 Deorum
1162 3495 1294 3532 nnmerum
1310 3497 1350 3532 ns-

260 3573 346 3621 nemo,
362 3559 429 3623 quod
448 3559 537 3621 sciam,
552 3558 683 3608 memoriae
699 3558 785 3622 prodi·
824 3559 924 3625 cripius
936 3564 983 3610 est.

258 3633 316 3684 dit:
336 3648 390 3684 nnn
408 3633 492 3690 defuit
513 3641 608 3700 tumen,
621 3633 645 3684 si
662 3633 786 3689 Suetonio
