3432 5236
676 559 842 626 ussisse.
1264 548 1309 614 tib

263 800 379 881 QUAE
401 796 560 865 PRIMA
583 796 801 864 COHORS:
847 795 962 876 QUAE
985 795 1261 866 PRAETORIA.

243 950 442 1001 Putuseobors
459 950 563 1014 ceteris,
575 963 634 1000 enm
654 949 738 1012 digni·
779 949 857 999 betur
876 964 892 998 s
914 947 997 1010 Livio,
1025 947 1272 1012 Africaunslmajos
1293 967 1309 1001 s

211 1033 268 1077 tate
282 1034 335 1076 tum
344 1025 453 1075 militum
465 1039 572 1075 nurnero
583 1025 738 1088 praestabat:
780 1025 866 1082 Festo,
875 1023 962 1088 Scipio
973 1024 1122 1074 AEmilianns
1131 1025 1164 1074 sb
1174 1023 1306 1090 Appiano;

211 1104 279 1167 quod
295 1103 320 1156 iu
337 1117 367 1152 ea
383 1103 493 1152 Tribuni
513 1109 540 1152 et
555 1103 693 1154 nobilitate
712 1109 740 1152 et
779 1101 879 1152 Marius
890 1106 918 1150 et
934 1100 1052 1151 Petreius
1062 1116 1078 1150 a
1088 1099 1220 1166 Sallustio,
1237 1110 1266 1152 et
1278 1105 1310 1154 ab

210 1179 364 1230 fortitudine
381 1180 515 1230 clarissimi
530 1182 696 1244 legerentur;
713 1184 740 1228 et
781 1176 837 1225 aliis
847 1177 903 1226 alii:
922 1190 1014 1226 novem
1030 1176 1151 1226 cohortes
1167 1179 1310 1232 Praetorias

209 1256 348 1320 interdum,
364 1263 395 1306 nt
411 1257 502 1306 scribit
518 1253 656 1320 vegetius,
665 1259 740 1305 llbb.
781 1251 913 1316 Angustus
931 1252 963 1302 sd
979 1254 1093 1318 corporis
1110 1254 1254 1304 custodiam
1266 1258 1312 1307 ed·

209 1331 312 1395 pedites
321 1331 439 1381 haberet.
472 1332 537 1380 Erat
552 1338 681 1394 praetcrea
697 1345 740 1381 eo·
780 1331 873 1393 hibuit,
889 1345 948 1395 quae
969 1332 1079 1396 primum
1096 1333 1199 1397 quidem
1210 1339 1311 1384 eertum

210 1409 269 1457 bots
288 1408 428 1469 Praetoris,
447 1423 505 1472 que
526 1407 618 1456 ducem
636 1421 740 1470 semper
781 1408 928 1459 stabiliendi
949 1409 1051 1472 imperii
1072 1407 1260 1460 firmamentum
1283 1417 1312 1461 et

210 1491 369 1550 sequeretur,
388 1484 422 1540 ab
441 1485 507 1546 ipso,
525 1484 567 1532 sel
587 1498 620 1532 ex
642 1483 739 1546 amicis,
780 1484 860 1533 decus
886 1485 1041 1546 extiterunt,
1067 1491 1158 1548 postea
1190 1500 1252 1536 vero
1284 1494 1312 1536 et

210 1562 250 1610 sel
262 1575 295 1610 ex
312 1559 458 1609 fortissimis
470 1559 615 1624 quibusque
629 1558 741 1610 delecta·
780 1560 970 1623 Imperatorum
1000 1567 1029 1608 et
1049 1560 1207 1623 Reipublicae
1226 1563 1312 1626 perni-

212 1635 368 1702 Hsjussuodl
387 1636 518 1685 cohortem
537 1635 686 1698 praetoriam
708 1633 740 1686 A.
780 1637 842 1686 cies.

211 1711 377 1762 Postbumius
386 1710 511 1760 Dictator
526 1709 647 1762 babuisse
659 1712 743 1774 perbi-

410 1889 543 1972 Qnou
564 1891 770 1972 scurras
794 1889 850 1957 ΙΝ
873 1889 1100 1958 mutnus.

242 2037 284 2087 Ur
300 2037 427 2102 peditum,
449 2041 488 2092 ita
516 2043 631 2106 equitnm
654 2043 740 2093 varius
782 2041 1035 2106 equiteslegionibus
1047 2042 1195 2108 adjunctos,
1204 2053 1261 2088 cnm
1270 2052 1313 2086 ve-

210 2113 236 2162 iu
260 2113 364 2176 legione
386 2129 507 2166 numerus
524 2116 591 2166 fuit:
615 2116 740 2180 Polybius
782 2133 811 2168 ro
834 2126 940 2168 centum
961 2119 1064 2182 equites
1085 2117 1166 2168 additi
1183 2116 1315 2178 dicuntur,

210 2194 298 2238 tamen
314 2203 392 2253 snper
402 2191 451 2238 bac
469 2205 507 2253 re,
518 2206 567 2239 nec
584 2206 643 2240 cum
658 2192 742 2252 Livio,
782 2198 836 2242 tuns
846 2194 925 2242 fuisse
935 2193 1130 2258 quadringenos.
1157 2191 1218 2241 Utri
1227 2204 1313 2240 assen-

211 2277 260 2313 nee
272 2278 358 2313 secum
370 2265 517 2316 consentit:
536 2265 605 2314 unde
617 2266 692 2315 aliter
704 2266 743 2314 Si·
784 2268 827 2316 tiri
837 2269 921 2329 malis,
932 2275 988 2317 tute
1000 2269 1057 2330 ipse
1069 2265 1180 2316 videris:
1198 2266 1224 2316 id
1236 2282 1315 2317 uuum

211 2339 297 2403 genio,
308 2339 384 2388 aliter
398 2339 579 2403 Lipsio'visum
597 2345 643 2390 est.
679 2342 743 2395 Vult
784 2343 851 2396 certi
867 2343 962 2406 babeo,
972 2343 1041 2407 quod
1058 2343 1179 2406 scribam,
1193 2344 1218 2392 iu
1236 2343 1314 2394 decu·

211 2417 279 2468 euim
297 2415 417 2482 Sigonius
436 2431 470 2466 ex
492 2418 562 2467 bivio
580 2419 680 2482 equites
692 2419 743 2468 sin·
785 2419 823 2467 ria
843 2418 945 2482 equites
959 2417 1038 2470 fuisse
1060 2419 1161 2482 decem,
1183 2420 1211 2469 in
1231 2426 1316 2469 turma
1359 2441 1363 2448 =

212 2493 279 2556 gulis
297 2492 452 2558 legionibus,
467 2493 528 2543 dum
546 2500 619 2544 eraut
631 2495 671 2544 vel
681 2509 743 2558 qus·
785 2495 901 2558 triginta,
910 2495 937 2545 iu
949 2496 989 2546 ala
1006 2495 1082 2548 modo
1098 2496 1223 2558 ducenos,
1239 2496 1316 2546 modo

212 2576 272 2620 tuor
292 2571 334 2620 sel
351 2571 462 2634 quinque
479 2569 685 2634 millium,fnisse
697 2570 743 2620 du·
784 2572 896 2624 tricenos
913 2586 945 2622 ex
960 2571 1083 2634 Sigoni03
1100 2573 1152 2632 sel,
1167 2571 1244 2622 modo
1264 2577 1316 2622 tre·

212 2661 307 2710 cenos3
323 2645 384 2694 dum
407 2660 454 2696 sex
475 2646 591 2709 millium,
613 2635 743 2698 trecenos.
783 2664 871 2712 cenos,
890 2649 969 2702 modo
988 2649 1181 2716 quadringenos
1198 2664 1232 2700 ex
1253 2649 1315 2714 Lip-

213 2721 338 2786 Polybius
354 2736 423 2785 veto,
436 2728 465 2771 ut
482 2722 671 2786 interpretatur
683 2723 743 2786 Lip·
784 2727 832 2778 sio.

212 2799 275 2862 sius,
289 2799 348 2864 jam
368 2798 428 2848 inde
448 2812 464 2846 s
481 2799 591 2846 Romulo
612 2804 745 2848 trecentos

286 2970 420 3050 QUOT
442 2969 682 3040 LEGIONES
707 2973 906 3043 ROMANI
930 2977 1240 3046 HABUERINT.

245 3121 314 3174 Duas
326 3135 423 3172 summa
431 3133 517 3174 rerum
529 3135 609 3184 penes
620 3123 745 3172 Consules
787 3122 924 3174 Antonius.
958 3125 1019 3174 Non
1039 3126 1132 3176 mirum
1152 3125 1256 3190 quidem
1276 3130 1317 3174 est

213 3199 295 3250 multo
307 3205 368 3247 aute
377 3197 447 3248 balle
455 3197 556 3249 Punica
565 3196 624 3260 fuib'
635 3204 746 3262 quatuor
786 3204 873 3247 tantas
883 3197 971 3260 cupias
981 3197 1015 3246 ab
1026 3198 1199 3250 Romanorum
1209 3198 1318 3250 ducibus

214 3275 329 3339 legiones
339 3274 365 3323 in
378 3287 457 3324 annos
467 3272 581 3338 singulos
589 3271 669 3322 scribi
680 3271 746 3324 sole·
786 3277 935 3340 contractas
947 3286 1004 3320 esse
1020 3272 1047 3320 id
1065 3274 1197 3336 temporis,
1207 3288 1266 3324 cum
1278 3288 1320 3324 eo·

215 3351 290 3412 baut,
301 3348 368 3400 binae
385 3345 493 3414 singtilis
512 3347 683 3400 Consulibus:
700 3348 746 3398 ubi
788 3365 844 3400 runs
856 3349 992 3410 inspeciem
1004 3348 1036 3400 ab
1051 3348 1149 3400 ultimis
1161 3350 1273 3413 Europae
1290 3349 1320 3398 fi·

213 3441 277 3477 vero
295 3427 393 3489 multis,
416 3432 471 3478 tum
489 3424 597 3476 urbibus
616 3431 670 3476 tum
687 3440 746 3490 pro·
787 3426 863 3476 nibus
879 3425 910 3474 ad
930 3425 1088 3488 Euphratem
1108 3439 1189 3489 usqua
1206 3425 1320 3490 pertine·

215 3503 306 3554 vinciis
326 3511 430 3553 auctum
448 3501 586 3566 imperium
606 3508 662 3553 est:
680 3501 747 3552 socii
787 3508 837 3553 ret.
870 3503 957 3552 Unum
973 3506 1024 3564 est,
1035 3501 1105 3566 quod
1121 3502 1203 3564 magis
1214 3499 1321 3566 mirere,

215 3579 249 3630 ad
271 3587 381 3644 quatuor
400 3580 529 3644 Romanas
551 3577 667 3644 legiones
686 3577 747 3629 toti·
787 3576 891 3627 Gallico
909 3577 1106 3628 tumultuando
1123 3576 1202 3627 Urbis
1219 3577 1320 3628 sabb.

215 3655 277 3708 dens
300 3653 396 3708 addere
410 3654 478 3719 jussi
501 3660 581 3706 sunta
608 3654 630 3706 si
651 3654 748 3704 bellum
788 3649 890 3703 AEmilio
908 3651 1002 3716 Pappa
1019 3658 1046 3702 et
1063 3651 1200 3702 C.Attilio
1218 3652 1319 3716 Regulo

216 3729 320 3796 gratim
344 3735 423 3792 esset,
448 3730 586 3782 crescebat
617 3730 747 3796 legionum
790 3726 945 3780 Consulibus
962 3728 1091 3780 Romanos
1108 3729 1321 3779 exercitumtlbb.

215 3821 345 3857 numerus.
379 3805 410 3854 In
428 3805 497 3855 bello
514 3807 615 3857 Punico
632 3807 748 3857 secundo
788 3803 896 3853 millium
914 3804 1022 3853 militum
1039 3819 1072 3854 ex
1089 3804 1321 3854 solaltaliacolle·

215 3884 330 3946 legiones
349 3881 501 3946 plusmiuus
518 3883 748 3946 25.per1taliam‚
788 3880 873 3943 gisse3
900 3880 969 3945 qnod
990 3895 1023 3930 ex
1046 3882 1080 3931 Q.
1100 3880 1180 3930 Fabio
1202 3881 1321 3942 Pictore,

216 3958 339 4022 Siciliam,
350 3963 378 4007 et
392 3955 532 4020 Hispanias
549 3957 680 4023 (bowser
697 3959 748 4008 Ro-
789 3955 833 4020 qui
849 3960 904 4007 tem
916 3954 1032 4018 vivebat,
1047 3955 1165 4004 referunt
1180 3957 1320 4019 Eutropius

217 4033 444 4085 manibabuerunt.
475 4031 508 4082 In
519 4033 678 4084 dissentione
689 4035 747 4084 Ma.
789 4033 818 4077 et
828 4028 952 4080 Orosius:
969 4030 1061 4094 quibus
1069 4043 1117 4092 ego
1126 4029 1170 4078 vix
1177 4031 1320 4092 assentiar;

216 4109 288 4159 rinos
301 4111 330 4161 L.
339 4111 423 4160 cinus
431 4113 472 4159 ab.
482 4109 507 4158 iu
515 4109 584 4158 bello
593 4110 664 4162 civili
671 4111 748 4162 Pons
788 4103 837 4154 ulei
856 4104 933 4168 idem.
945 4112 973 4154 st
989 4120 1005 4153 ι
1021 4104 1108 4153 Plinio
1131 4111 1159 4154 et
1176 4121 1192 4155 a
1209 4105 1321 4170 Polybio

120 4247 124 4256 ι
218 4185 290 4247 peius
306 4192 334 4236 et
345 4187 435 4236 emar
450 4188 491 4236 40,
501 4185 527 4233 in
539 4185 681 4234 Mutinensi
695 4185 749 4235 An.
789 4182 919 4230 memoriae
944 4179 1076 4244 proditum
1105 4188 1189 4233 essetr
1218 4181 1319 4231 Plinius

219 4259 524 4314 toniaset'consuleste.
537 4259 564 4310 ia
576 4259 686 4310 detineo
698 4261 749 4313 Oe·
788 4259 856 4309 enin
876 4262 995 4307 numerat
1016 4253 1134 4319 pediturn
1156 4260 1214 4306 abb.
1230 4257 1320 4307 millis.

218 4335 305 4385 tarius
324 4338 413 4389 Caesar
428 4341 469 4388 tt).
486 4352 534 4389 nec
550 4338 602 4402 ipsi
619 4339 748 4401 legionum
788 4327 903 4398 edulium
923 4335 966 4382 ⁸⁰·
992 4331 1118 4397 debilss
1134 4346 1198 4382 '⁶¹⁰
1220 4345 1320 4394 emm,

219 4420 265 4463 esst
285 4410 380 4463 virtute
392 4421 437 4466 aut
454 4429 561 4465 numero
573 4413 680 4464 inferior
691 4421 749 4465 erat
789 4409 833 4476 qui
846 4417 901 4461 istas
917 4409 1039 4460 &tuane
1056 4407 1319 4475 patebant,pedituu
