3224 5162
522 472 602 520 orr.
621 470 684 518 vrr.
712 469 760 518 nu
782 467 950 516 sourrrrs.
1219 454 1284 518 185

191 617 303 697 gusti·
324 611 549 678 saorstissima
561 611 745 674 memorial
790 607 875 692 Ejus
891 607 1021 672 medico
1042 607 1178 674 Artorio
1194 630 1284 676 som·

191 737 269 780 num
283 715 425 797 capienti
440 717 659 794 enumquam
669 710 741 774 dios
756 710 927 774 insecutus
943 717 1007 784 ast,
1023 729 1090 793 quo
1104 708 1141 772 in
1155 713 1284 794 eampis

192 816 410 899 Philippicis3
426 813 571 879 Romam
590 813 675 877 iuter
701 832 737 876 se
761 811 928 876 exereitus
950 818 1199 888 oonourrernnt,
1216 811 1284 874 Mi-

189 935 299 982 nervae
314 917 446 999 speeies
460 917 580 980 oboma
593 916 766 998 proecepit,
788 918 845 978 ‘ut
866 913 963 978 illum
985 912 1077 995 gravi
1094 911 1208 976 morbo
1224 911 1285 976 im·-

189 1017 348 1101 plieitum-
356 1024 514 1096 moneret,
525 1035 567 1080 ns
581 1021 714 1100 propter
728 1016 906 1081 adversm
917 1014 1170 1091 valetudinem*
1182 1032 1285 1096 prox·

189 1119 257 1181 imo
271 1117 389 1201 praelio
403 1137 471 1182 non
497 1116 709 1183 mumsset’t
753 1117 856 1196 Quod
876 1137 956 1182 eum
978 1116 1095 1180 Caesar
1120 1115 1283 1192 audisset,

187 1220 308 1283 lectica
322 1239 359 1284 se
374 1219 409 1281 in
423 1219 529 1283 aoiem
546 1218 664 1283 deferri
673 1219 798 1304 jussit:
820 1219 880 1283 ubi
894 1217 974 1282 dum
988 1236 1092 1300 supra
1106 1217 1196 1282 vires
1211 1233 1284 1280 eor·

187 1320 281 1402 poris
295 1339 356 1403 pro
371 1319 593 1403 adipiscenda
607 1321 745 1386 victoria
761 1320 917 1397 excubat,
931 1324 1042 1384 castra
1056 1319 1128 1402 ejus
1144 1337 1165 1382 a
1180 1317 1284 1382 Bruto

186 1429 290 1505 copta
302 1419 430 1488 susti*
474 1419 567 1500 Quid
582 1442 662 1504 ergo
676 1423 768 1487 alind
783 1429 953 1505 putamus,
967 1439 1070 1503 quam
1084 1419 1198 1484 divino
1211 1438 1283 1483 mu·

186 1529 288 1588 uere⁵
311 1521 477 1600 effectum,
499 1542 541 1586 no
554 1522 753 1588 destinatum
774 1522 845 1606 jam
858 1521 1101 1586 immortalitati
1116 1527 1219 1603 caput
1232 1520 1283 1584 in·

188 1623 321 1705 dignam
336 1623 466 1688 coelesti
481 1624 600 1705 spiritu
614 1625 752 1689 fortunae
768 1624 957 1688 violentiam
973 1622 1154 1686 sentiretl⁶

227 1725 262 1789 2.
286 1722 474 1806 Augustum
491 1743 570 1790 rero
596 1731 716 1810 praeter
737 1725 919 1790 naturalem
943 1724 1047 1788 animi
1072 1723 1105 1786 in
1126 1722 1283 1788 omnibus

187 1825 289 1888 rebus
304 1825 469 1890 subtiliter
483 1827 729 1910 perspiciendis
745 1827 905 1909 rigorem,
929 1827 1028 1891 etiam
1043 1845 1161 1890 recens
1176 1832 1210 1888 et
1224 1823 1284 1887 do-

188 1925 361 1989 mesticum
377 1928 581 2010 exemplum,
606 1935 643 1990 ut
659 1927 786 1991 Arborii
800 1927 932 1991 somnio
944 1927 1202 2007 obtemperaret,
1225 1923 1284 1984 ad·

187 2027 327 2089 monuit.
358 2025 544 2091 Audiverat
559 2027 646 2090 euim
667 2027 744 2090 Divi
760 2026 844 2090 Julii
859 2026 966 2109 patris
981 2026 1034 2088 sui
1048 2042 1189 2087 uxorem
1205 2020 1284 2086 car-

188 2125 358 2207 purniam⁰
380 2133 490 2203 nocte,
513 2147 614 2210 quam
639 2130 669 2191 is
684 2128 717 2191 in
733 2128 830 2190 terris
845 2126 997 2188 ultimam
1011 2125 1087 2206 egit,
1111 2125 1146 2187 in
1171 2125 1283 2206 quiete

187 2223 323 2302 vidisse,
338 2225 450 2290 multis
464 2247 540 2292 oum
556 2227 742 2292 confectum
755 2225 970 2291 vulneribus⁸
992 2227 1026 2289 in
1049 2244 1113 2290 suo
1133 2224 1209 2290 sinu
1229 2224 1284 2307 ju·

186 2332 327 2403 centem,
340 2328 525 2411 somniique
539 2330 717 2396 atrocitate
731 2329 940 2392 vehementer
954 2328 1154 2401 exterritam,
1168 2345 1282 2410 rogare

218 2523 229 2557 ὸ
248 2525 282 2574 Ut
292 2525 358 2574 illum
372 2527 506 2575 admoneri
522 2525 577 2575 lieet
595 2525 739 2577 lotorum
753 2527 826 2590 grum
843 2526 929 2589 morbo,
945 2541 974 2576 as
991 2526 1082 2576 memet
1101 2525 1130 2578 ab
1149 2528 1283 2577 inmorari·

185 2589 315 2640 columine
322 2595 420 2652 propr„
430 2605 496 2639 mum
505 2591 682 2651 oegmmdiaenn

220 2661 231 2685 ²
247 2653 491 2713 benefactores
511 2653 620 2718 beneficio
631 2653 747 2716 Deam,
769 2669 799 2704 ae
815 2655 948 2719 dogmas,
958 2656 1012 2716 jum
1029 2655 1161 2705 dadinum
1176 2660 1204 2704 ut
1216 2654 1284 2706 Deus

186 2723 247 2767 essd
258 2717 408 2775 saumatis,
424 2717 573 2780 meter
583 2717 849 2778 oiolmtiomfurtnaoei

645 2875 748 2896 noun
752 2877 824 2896 uuo

187 2979 247 3031 Vst.
258 2981 330 3046 Meg.
340 2984 449 3033 Venett.
460 2986 509 3033 &a
520 2983 616 3033 babent
627 2985 757 3049 Philippis.
789 2987 853 3036 Mox
867 2987 958 3036 Heius.
971 2994 994 3038 1.
1005 2989 1083 3039 obluta
1097 3006 1113 3039 s
1123 3004 1157 3039 m.
1169 3003 1222 3040 ser.
1234 3003 1282 3052 pro

185 3045 275 3098 obortu
307 3047 395 3096 Etiam
415 3052 581 3096 maranorum
600 3063 797 3111 praesumere
815 3049 841 3097 in
858 3051 978 3100 omnibus
997 3052 1074 3100 codd.
1095 3060 1123 3102 et
1142 3052 1202 3102 edd.
1221 3061 1282 3107 ante

186 3107 362 3172 Figulum-4
379 3111 446 3160 Dnn.
463 3111 625 3161 ualitudinem.
657 3111 722 3162 Mox
735 3126 781 3177 pro
799 3113 880 3175 proeliu
892 3111 970 3162 codd.
982 3114 1102 3164 Perizon.
1114 3122 1141 3163 at
1152 3115 1247 3164 Ultrs'.
1257 3119 1282 3165 2.

185 3173 292 3238 babent,
308 3175 424 3226 belm-o
441 3175 538 3240 IJltrsj.
554 3176 631 3240 prim.
652 3182 681 3225 at
695 3177 822 3226 Vetadivi
838 3177 941 3226 suniae.
975 3177 1054 3226 Multi
1073 3177 1138 3227 Mss.
1156 3185 1186 3227 st
1238 3179 1281 3230 itt.

680 3324 790 3378 NOTAE

217 3436 305 3485 ἃΙὶιύἱ
320 3437 438 3501 Augusti]
463 3438 571 3489 Octavii
590 3439 713 3501 Caessris,
784 3437 862 3488 *Am
877 3439 916 3488 M.
928 3441 1003 3488 toll.
1014 3436 1058 3488 01.
1071 3441 1127 3488 184.
1139 3435 1236 3487 8.Urb.
1249 3438 1279 3488 C.

185 3510 230 3575 qni
251 3525 318 3560 suno
338 3520 397 3574 post
415 3513 551 3564 Actiacum
578 3515 712 3565 uictoriam
752 3520 809 3566 tlt.
819 3515 882 3565 Ant.
893 3514 939 3565 Cb.
948 3518 990 3564 41.

188 3588 289 3650 quinto,
313 3602 347 3636 ex
382 3591 511 3640 sententis
541 3593 571 3642 L.
594 3592 712 3642 Munatii
785 3590 978 3654 “Calpurniam
994 3587 1094 3638 FuitL
1109 3587 1214 3637 Pisonis
1224 3588 1282 3638 Ca·

185 3661 280 3711 Planci
306 3663 440 3714 asenam
479 3667 626 3730 populoque
660 3669 711 3716 Ro·
752 3667 861 3730 soniam,
871 3667 897 3715 in
909 3680 985 3730 quem
995 3670 1070 3715 extet
1082 3664 1213 3714 Ciceronis
1224 3677 1282 3712 ors·

183 3752 259 3794 mano
270 3737 405 3801 Angustus
420 3738 506 3790 dicius
525 3749 580 3792 est:
604 3749 633 3792 et
644 3758 659 3792 a
670 3742 712 3792 ri·
753 3744 800 3805 tio,
809 3742 879 3805 filis,
896 3748 924 3792 et
935 3742 965 3792 L.
979 3739 1084 3790 Pisonis
1096 3737 1144 3788 sub
1160 3737 1281 3800 Augusto

186 3812 257 3864 borio
278 3823 337 3877 post
354 3821 466 3866 mortem
484 3817 510 3866 in
530 3818 646 3868 Deorum
665 3833 712 3868 uu·
753 3818 872 3868 Consulis
884 3829 964 3880 soror,
979 3817 1123 3881 quartaque
1142 3812 1280 3866 uxorJulii

185 3901 282 3938 merum
294 3889 403 3939 relatus.
752 3893 876 3944 Caesaris.

216 3961 228 3995 b
245 3965 331 4014 Castra
341 3964 391 4024 <ius
400 3971 470 4029 eapte
480 3967 547 4030 esst]
574 3966 713 4032 ipsiusque
784 3965 796 4000 ‘¹
814 3968 953 4027 Confectum
967 3963 1111 4029 mambres]
1134 3963 1167 4014 Id
1187 3963 1281 4014 somni·

183 4039 280 4089 lectica
296 4056 311 4089 a
330 4041 463 4090 Brutianis
480 4041 604 4092 militibus
621 4042 712 4107 gladiis
752 4057 794 4092 um
806 4043 875 4105 apud
894 4041 1063 4092 Plutarchum
1079 4040 1280 4090 nonnullislitor

186 4113 362 4175 transilimus
374 4117 446 4166 Plut.
458 4117 566 4169 etSuet.
590 4121 632 4168 ile
643 4134 711 4169 eum·
752 4116 886 4178 referunt,
902 4131 952 4166 nec
961 4117 1029 4166 enirn
1040 4115 1175 4167 tardessus
1187 4115 1279 4165 vulne·

186 4186 226 4250 pis
238 4187 390 4253 Philippicis
405 4207 541 4258 pugnaque
557 4194 583 4250 iu
598 4193 630 4244 iis
642 4208 711 4245 com·
750 4193 820 4242 ribus
841 4193 928 4242 Cressr
950 4192 1024 4243 uxori
1048 4192 1187 4242 dormienti
1208 4191 1277 4240 risus

185 4265 264 4316 missu
275 4271 389 4334 consule,
400 4271 463 4336 Cap.
475 4276 499 4320 5.
749 4276 805 4330 est,
821 4269 876 4331 sed,
891 4282 950 4322 cum
965 4268 1032 4320 illius
1049 4268 1147 4320 adibus
1158 4281 1190 4318 ex
1201 4266 1278 4318 Sens-
