3386 5262
630 596 852 650 uoururnus.
1242 591 1286 659 27

195 745 335 812 Proculus,
366 751 507 814 Vopiscus3
540 759 568 802 et
597 755 720 804 nonnulla
760 746 846 808 cinna,
874 745 1022 810 N⁰lb²¹¹¹¹⁸s
1046 748 1200 811 Pssdsscssllb
1221 753 1286 802 Pel·

196 825 565 889 cognominainpraenomirra:
579 829 719 894 utCoasus,
760 835 850 885 pem,
870 829 898 872 θῑ
917 823 1066 887 Ρθβρὲῑιῦι
1090 823 1147 890 quae
1166 828 1244 878 etiam
1257 837 1285 879 ut

195 901 308 962 Drusus,
319 902 402 965 Jotur,
414 903 494 966 Nero,
507 903 671 966 Paulus,&c.
760 899 888 947 nonnullis
916 900 1012 963 placet,
1028 914 1079 950 non
1101 902 1213 967 nornine,
1239 904 1285 953 aed

229 977 346 1026 Infinitus
358 993 406 1043 ego
425 980 482 1040 sim,
503 979 524 1028 si
541 981 608 1030 uude
621 981 720 1044 singula
760 974 1044 1038 cognominationum.

194 1052 349 1116 singularum
368 1057 485 1118 gentium
504 1057 609 1106 nomina
630 1064 720 1120 pem.
793 1049 952 1112 Cognomina
962 1050 1116 1103 familiarum
1129 1053 1171 1103 alii
1183 1053 1285 1104 aliunde

194 1134 246 1190 tur,
258 1130 389 1193 sigillatim
400 1146 549 1197 persequar.
583 1133 670 1184 erarc
680 1148 719 1182 sa·
760 1130 892 1188 repetunt,
909 1141 965 1191 qum
978 1134 1073 1191 lumen,
1088 1136 1118 1177 ul
1130 1143 1184 1178 rem
1197 1130 1284 1193 paucis

193 1204 242 1253 tius
255 1205 337 1254 visum
353 1212 393 1255 est
404 1221 502 1256 summa
519 1213 620 1257 tantum
633 1211 720 1271 capita
760 1205 905 1268 expediam,
916 1204 948 1253 ad
966 1206 1017 1255 tria
1028 1205 1100 1270 quari
1112 1207 1199 1270 capita
1211 1222 1285 1257 ravo·

190 1279 306 1331 breuiter
323 1281 451 1345 indicare,
473 1289 504 1332 ut
524 1297 611 1332 earum
634 1297 719 1333 rerum
760 1283 813 1331 cati
826 1287 949 1345 possunt:
975 1281 1013 1331 ita
1031 1292 1062 1331 ut
1079 1283 1129 1331 alia
1140 1283 1173 1333 ab
1191 1285 1284 1348 auimo,

188 1355 339 1421 intelligens
351 1359 433 1408 lector
443 1373 476 1420 ex
487 1358 527 1421 iis,
535 1373 596 1422 quas
604 1359 718 1423 appella·
759 1357 810 1406 alia
820 1371 834 1406 a
845 1371 962 1420 corpore,
981 1357 1031 1406 alia
1048 1374 1063 1407 a
1074 1357 1178 1409 foruna
1189 1359 1285 1408 ducan-

188 1434 235 1498 bo,
247 1436 345 1498 paucis,
363 1435 396 1484 de
414 1435 471 1484 aliis
489 1435 617 1499 conjicere
628 1437 717 1498 possit.
760 1443 810 1483 tnr.
843 1433 1078 1488 Adunimumveru
1089 1435 1284 1499 pertinentvir·

189 1509 251 1559 Alia
262 1511 340 1574 igitur
350 1511 464 1574 gentium
482 1511 612 1560 nominaa
630 1510 717 1573 Troja-
759 1517 838 1571 tutes,
863 1525 957 1572 mores,
978 1511 1071 1573 oratio,
1091 1517 1169 1574 artes,
1190 1511 1284 1575 studia,
1316 1517 1322 1526 ’

188 1586 230 1635 nis
241 1594 269 1635 et
280 1586 465 1650 Aboriginibus
480 1587 616 1649 ducuntur,
629 1598 659 1634 ut
670 1587 718 1634 Fa·
758 1600 800 1634 res
817 1592 908 1649 gestas,
926 1590 975 1635 &c
1007 1585 1049 1635 Ad
1071 1601 1175 1650 corpus,
1195 1596 1283 1651 partes

188 1660 228 1711 bii
240 1677 255 1710 a
266 1663 357 1723 Fabio,
369 1662 433 1713 Julii
453 1662 485 1712 ab
503 1662 579 1711 Iulo:
610 1675 718 1725 quorum
758 1662 881 1724 corporis,
890 1663 970 1725 color,
981 1662 1096 1725 vcstitur,
1104 1663 1217 1726 habitus,
1226 1679 1283 1714 cnm

188 1736 716 1801 ulterHereulla,nlterAEneaefilinsfuit.
758 1735 839 1784 altero
859 1737 1017 1799 similitudo;
1044 1744 1072 1786 et
1099 1738 1149 1788 alia
1168 1739 1282 1802 ejusdem

188 1812 253 1863 Atia
264 1813 298 1861 ab
308 1813 391 1877 Italis,
403 1821 433 1863 ut
445 1815 596 1876 Calpburnil
609 1829 624 1863 a
636 1814 717 1878 Calpo
757 1811 868 1875 generis.
901 1811 943 1862 Ad
960 1811 1089 1863 fortunam
1101 1819 1129 1863 et
1142 1827 1230 1862 casnm
1241 1828 1284 1863 ce·

189 1887 285 1938 Numae
296 1887 366 1950 filio;
388 1890 623 1953 upraeuominibus,
642 1891 716 1940 Luci·
758 1893 823 1937 tera.
857 1887 1151 1953 AsapicutiaCatoct
1169 1890 1282 1952 Soplrus:

187 1963 217 2012 ili
229 1979 244 2014 a
255 1965 350 2026 Lucio:
372 1982 387 2015 a
398 1966 488 2015 Manio
505 1965 620 2015 Manilii:
647 1980 717 2015 ano·
758 1978 773 2013 a
784 1965 881 2015 virtute
892 1972 920 2015 et
930 1966 1053 2028 moribus,
1062 1966 1152 2030 Frugi,
1170 1965 1284 2029 Gurges,

187 2039 309 2103 minibus,
322 2042 451 2090 Sextiliia
466 2042 578 2092 Sextiis:
597 2056 717 2104 acogno·
757 2039 863 2102 Nepos:
881 2040 914 2089 ab
931 2042 1056 2103 oratione,
1071 2041 1196 2104 Lepidus,
1208 2039 1282 2114 ‚Atti-

188 2114 309 2175 minibus,
329 2116 410 2164 Rutili
430 2132 446 2164 a
466 2117 571 2178 Rutilo,
600 2133 616 2166 a
637 2118 718 2166 Fulvo
757 2129 818 2164 erra:
836 2116 869 2164 ab
880 2124 937 2166 arte
956 2125 984 2166 et
1001 2117 1086 2166 studio
1103 2116 1205 2174 Pictor,
1225 2115 1284 2163 Me·

188 2188 291 2236 Fulvii:
311 2189 342 2237 ab
355 2189 468 2251 oppidis,
479 2191 614 2253 Tarquinii
626 2203 641 2238 a
652 2191 717 2238 Tur·
758 2191 851 2238 tellus:
869 2207 884 2239 a
905 2191 1008 2254 regione
1025 2191 1067 2238 rel
1084 2190 1148 2239 urbe
1170 2189 1283 2249 devicta,

188 2262 301 2327 quiniis:
319 2278 335 2310 a
348 2263 567 2326 quadrupedibus,
586 2270 640 2312 uta
659 2279 718 2326 por·
758 2261 906 2327 Africanus,
921 2265 1086 2314 Coriolanus:
1108 2265 1140 2312 ab
1160 2277 1245 2312 amore
1257 2265 1282 2314 in

187 2339 228 2386 eis
240 2337 344 2397 Porcii3
362 2336 394 2385 ab
406 2335 483 2385 asinis
495 2336 595 2385 Asinii:
612 2337 718 2386 aminis·
759 2340 892 2401 populum,
914 2345 942 2387 et
963 2339 988 2386 in
1011 2344 1119 2401 patrem,
1140 2338 1284 2404 Publicola,

187 2413 265 2474 terio,
277 2419 306 2462 nt
317 2411 453 2461 Flaminii:
472 2427 562 2461 avoce
577 2412 672 2476 aliqua,
689 2419 719 2462 ut
758 2413 838 2462 Pius:
868 2429 883 2463 a
898 2415 1016 2478 corporis
1035 2415 1162 2479 partibus,
1180 2417 1282 2466 Cincin·

185 2489 294 2539 Octavii
314 2488 345 2537 ab
366 2495 470 2537 octavo.
517 2487 577 2537 Nou
605 2489 716 2538 alienum
757 2493 842 2550 natus,
868 2490 978 2539 Calvus:
1007 2505 1022 2538 a
1047 2490 1162 2553 conponis
1183 2489 1284 2556 babitu,

184 2564 239 2618 erit
259 2563 301 2612 bic
321 2571 455 2625 annotare,
477 2564 562 2612 omnia
583 2562 639 2613 fere
660 2565 716 2615 baec
757 2564 875 2627 Crassus,
894 2565 993 2629 Macer,
1010 2581 1026 2614 a
1042 2565 1208 2615 rimilimdine
1223 2581 1282 2616 cnm

184 2641 292 2692 nomina
302 2641 328 2690 in
340 2641 377 2690 ins
388 2640 514 2705 desinere,
533 2649 562 2690 ut
574 2641 717 2706 Cornelius,
756 2643 816 2706 alio,
825 2642 949 2706 Serapio:
970 2656 985 2691 a
995 2641 1098 2692 fortuna
1110 2643 1192 2706 Felix,
1203 2645 1281 2696 Faus·

183 2719 287 2781 Julius3
312 2717 334 2766 ai
351 2717 463 2782 quinque
481 2719 634 2783 exceperis:
658 2720 716 2770 Cae·
755 2726 806 2770 tus.

182 2922 301 3002 QUAE
333 2924 433 2990 LEX
468 2925 647 2994 FUERIT
681 2926 923 2993 NOMINUM
954 2927 1009 2993 IN
1044 2927 1279 3006 FOEMINIS,

205 3056 353 3125 FILIIS
375 3058 652 3139 ADOPTIVIS,
674 3061 965 3140 LIBERTINIS,
980 3063 1040 3127 ET
1062 3062 1243 3128 SERVIS.

215 3218 260 3268 Ur
271 3219 370 3280 viri,slo
381 3217 502 3266 mulieres
514 3217 711 3278 praenominibus
752 3231 781 3264 ro
814 3223 868 3263 turn
895 3217 1005 3265 nominis
1035 3224 1089 3267 tum
1115 3219 1279 3282 praenominis

179 3295 427 3346 uticonstreverant.
442 3291 493 3342 Sed
504 3305 592 3340 eornm
600 3291 714 3340 aliaaliis
753 3289 822 3340 aliud
835 3291 956 3352 foeminis,
974 3292 1042 3339 aliud
1053 3293 1167 3341 maribus
1179 3300 1280 3356 tempus

178 3369 344 3434 temporibus
355 3370 422 3419 ratio
433 3367 492 3418 fuit.
519 3367 636 3417 Primum
647 3368 714 3417 enirn
752 3363 816 3414 init:
828 3377 921 3413 nomen
930 3362 1116 3414 euimsoemiuis
1125 3373 1220 3416 octavo
1229 3367 1281 3431 die,

178 3447 345 3514 praenomina
363 3446 412 3495 illis
430 3443 546 3506 fuerunt,
568 3451 597 3494 nt
623 3444 714 3508 ignoto
752 3440 864 3490 maribus
879 3454 947 3490 nono
964 3440 1062 3504 imponi
1072 3442 1188 3492 solebat:
1213 3457 1279 3506 prte-

176 3523 283 3576 auctori
302 3521 483 3585 placenciam,
504 3520 594 3582 ercia,
612 3520 714 3583 Publia,
754 3515 857 3566 uomina
883 3530 946 3566 vero
973 3517 1068 3581 pueris,
1095 3532 1152 3567 cum
1179 3518 1279 3570 virilem

176 3598 320 3658 Numerio,
327 3599 431 3659 Rutilia,
439 3597 552 3660 casella,
563 3596 713 3659 Rodocella,
755 3599 840 3656 togam
852 3595 999 3654 sumerent:
1016 3594 1106 3656 puellis
1121 3608 1180 3644 cum
1199 3595 1279 3644 nube·
1423 3597 1425 3600 '

177 3672 320 3734 Mutrnlla,
342 3673 436 3735 Burro,
461 3680 489 3723 et
510 3680 539 3723 ut
560 3679 651 3722 auctor
673 3680 714 3724 est
753 3676 821 3720 rent.

177 3753 289 3807 Faetus,
299 3748 405 3798 Caecilia
416 3756 444 3799 et
456 3750 584 3810 Tarratia,
605 3765 662 3814 quae
675 3749 713 3799 in·
785 3748 827 3796 De
849 3743 907 3793 liliis
926 3743 1055 3808 adoptivis
1082 3759 1158 3798 unnnr
1178 3753 1278 3798 tanturn

175 3824 266 3878 versis
275 3823 358 3872 literis
367 3824 445 3873 scribi
454 3827 530 3874 moris
538 3833 596 3876 erat
604 3840 666 3890 οη·
674 3841 712 3888 w,
752 3823 843 3884 babeo,
855 3821 1065 3887 quodmoneam:
1083 3823 1152 3886 ipsos
1163 3824 1279 3888 aliqnan-

176 3901 278 3954 deinde
289 3913 351 3950 raro
370 3913 463 3948 nomen
474 3901 559 3964 gentis
577 3902 627 3951 illis
646 3901 712 3951 indi·
753 3897 786 3948 do
805 3911 898 3947 nomen
917 3897 1013 3960 gentis,
1030 3898 1166 3962 aliquando
1185 3907 1278 3962 cogno·

177 3987 238 4032 tum
251 3984 306 4037 aut:
329 3977 367 4026 ita
378 3983 408 4026 ut
424 3977 446 4024 ai
463 3978 540 4027 rrnica
558 3986 628 4028 earet
649 3977 712 4041 filia,
753 3988 812 4024 men
821 3972 925 4022 familiae
936 3973 974 4021 ita
984 3973 1130 4036 retinuisse,
1145 3980 1174 4022 nt
1184 3987 1277 4024 nomen

176 4052 314 4119 Cornelia,
333 4066 391 4115 ug.
412 4051 453 4100 rel
472 4052 554 4101 Tullia
571 4052 712 4102 diceretur.
753 4047 927 4112 inflecterent,
945 4062 1088 4110 cognomen
1110 4063 1172 4099 vero
1190 4046 1275 4102 serva·

174 4131 205 4182 Si
218 4129 289 4192 due,
308 4142 359 4177 nna
376 4127 497 4178 &roella
515 4127 608 4190 Major,
629 4129 712 4178 altera
751 4127 957 4188 rentintegrum.
981 4125 1107 4186 Exemplo
1119 4127 1277 4179 nobisarunt

177 4205 305 4256 Cornelia
324 4203 417 4252 Minor.
450 4203 479 4251 si
499 4202 595 4265 plures,
614 4203 712 4264 Prima,
750 4201 782 4250 P.
792 4199 1022 4263 CornelinsScipio
1033 4199 1191 4266 AEmilianus,
1207 4206 1275 4256 etc.

176 4278 311 4340 Secunda,
321 4279 418 4340 Tertia,
430 4279 538 4338 Quarta,
546 4275 607 4326 &n'
619 4279 669 4328 Vel
680 4287 710 4330 ut
748 4276 832 4326 Julius
843 4276 930 4324 Cesar
941 4273 1112 4340 Octauianos,
1123 4293 1230 4342 quornm
1240 4279 1276 4328 al·

175 4354 285 4404 uomina
302 4361 423 4404 sonarent
441 4353 535 4414 lanius,
553 4353 708 4417 Secundilla,
750 4358 790 4402 ter
801 4366 834 4400 ex
845 4356 923 4416 gente
940 4351 1042 4403 AEnrilia
1058 4355 1085 4403 in
1103 4356 1275 4406 Corneliam

175 4428 320 4493 Quartilla,
330 4429 465 4481 Quintilla.
496 4429 652 4493 imponendi
664 4443 707 4478 re·
747 4427 799 4480 filio
809 4427 926 4480 Africani
937 4429 1062 4494 Majoris:
1080 4434 1274 4498 altercxgcote
