3386 5262
511 585 696 636 uuur1uus
721 585 766 632 nr
790 583 973 632 rsururrs.
1240 565 1284 632 40

192 730 408 793 ceninensium
420 728 452 778 de
464 729 637 780 Nobilioribus
649 728 717 778 dice·
791 741 817 776 v.
834 726 946 778 Quintus
969 725 1049 776 Putre
1073 721 1153 772 nihilo
1174 720 1283 771 inferior

192 821 249 856 mus
261 805 383 856 breviter.
757 803 860 853 Pretor
882 802 1026 854 Celtiberos
1043 799 1081 850 bis
1101 798 1195 860 insigni
1218 813 1283 861 pug-

226 879 317 932 Qninti
335 879 400 928 filins
417 879 466 929 fnit
483 893 527 928 ιιι.
547 879 652 928 Marcus
672 879 716 928 ille
757 893 790 927 na
808 879 881 940 vicit,
898 876 1063 927 Contrebiam
1075 875 1107 924 sd
1119 874 1281 924 deditionem

189 955 307 1015 Flaccus,
324 969 373 1018 quo
386 955 572 1004 Cousuleanuo
587 959 645 1004 489.
664 954 716 1003 bel·
757 953 853 1016 coegit,
877 953 970 1002 deiude
989 952 1068 1000 semel
1090 965 1157 1000 auno
1180 953 1238 1000 5⁷³.
1256 955 1284 1000 et

190 1030 243 1080 ism
256 1031 380 1080 Punicum
400 1031 510 1094 primum
528 1024 714 1094 creptum'esr:
757 1029 850 1078 iterum
869 1043 935 1094 auno
960 1031 1017 1076 did.
1042 1041 1099 1075 cum
1122 1025 1202 1074 fratre
1224 1025 1285 1074 Act·

191 1118 225 1152 ex
246 1119 275 1153 eo
293 1106 348 1154 nati
366 1119 406 1153 tv.
424 1105 546 1165 Quintus,
565 1104 670 1165 Cneius,
688 1112 716 1154 et
756 1102 816 1152 diuo
833 1103 930 1152 Consul
942 1102 1050 1164 Ligures
1067 1100 1179 1160 domuit,
1196 1098 1285 1150 trium-

190 1178 275 1240 Caius,
295 1195 402 1244 quorum
422 1180 497 1242 longe
516 1180 602 1244 dispar
625 1182 716 1244 gloria.
757 1182 835 1246 plnum
847 1180 986 1244 duplicem,
1003 1194 1080 1228 unum
1092 1179 1123 1226 de
1136 1177 1283 1238 Celtiberis,

165 1252 266 1302 'Ceius
278 1253 369 1304 Quinti
390 1255 457 1319 apud
475 1256 590 1318 Capuam
607 1257 717 1320 legatus,
756 1257 864 1305 alterurn
877 1254 910 1304 de
922 1254 1059 1318 Liguribus
1070 1251 1285 1313 retulit;Ceusor
1361 1285 1369 1298 .

189 1327 284 1378 cneius
296 1327 409 1391 Praetor,
426 1331 523 1382 Quinto
533 1332 637 1382 tertium
650 1333 716 1382 Con·
757 1333 879 1380 Fortunae
891 1329 1012 1395 Equestri
1025 1329 1150 1392 templum
1169 1325 1283 1380 dicarit:
1366 1327 1369 1337 ’

189 1403 252 1463 sule,
264 1402 383 1464 Apuliam
400 1407 515 1469 sortitus,
532 1408 601 1470 apud
614 1407 716 1456 Herdo·
756 1406 866 1468 denique
878 1405 903 1454 in
920 1405 1058 1455 amentiam
1075 1417 1173 1464 versus,
1191 1404 1284 1466 laqueo

188 1491 263 1552 neam
275 1478 367 1528 amisso
381 1482 499 1532 exercitu
516 1483 628 1546 turpiter
644 1482 716 1547 fugu-
757 1482 836 1531 vitam
855 1481 951 1530 finiisse
969 1479 1074 1532 dicitur.
1091 1492 1130 1527 vr.
1154 1477 1219 1526 Caio
1229 1477 1284 1542 ejus

190 1559 231 1602 tus
248 1560 303 1614 est,
320 1555 433 1605 Quintus
455 1572 514 1606 uero
537 1558 614 1606 rebus
637 1559 716 1622 gustis
756 1557 809 1607 filio
819 1573 885 1606 unno
893 1563 950 1606 619.
968 1554 1072 1606 Cousuli
1091 1554 1187 1604 bellum
1198 1551 1284 1618 fugiti-

188 1628 352 1692 clarissimus,
392 1638 484 1694 quater
522 1633 618 1682 Consul
648 1647 715 1682 suno
756 1635 845 1681 voruin
857 1629 1042 1681 conficiendum
1055 1627 1167 1678 delutum
1177 1635 1225 1678 est.

188 1705 382 1754 516.529.541.
403 1710 458 1755 old.
492 1705 618 1770 Magister
636 1708 715 1776 Equif
788 1722 816 1757 v.
833 1708 925 1757 Marco
941 1705 1031 1758 Quinti
1051 1701 1130 1753 fratre
1151 1708 1226 1752 nutus
1245 1707 1284 1751 est

188 1782 254 1837 tumr
272 1777 406 1841 P⁰ntife1,
424 1781 530 1842 Censor,
546 1789 574 1832 et
593 1783 714 1846 conuitio·
757 1797 795 1832 vr.
823 1780 928 1848 Marcus
939 1781 983 1829 iile
994 1777 1114 1836 Flaccus,
1130 1775 1174 1841 qui
1189 1777 1284 1826 Consul

188 1866 244 1904 rum
262 1867 338 1902 causa
356 1855 484 1919 Dictator,
500 1856 569 1920 apud
580 1858 715 1908 Beneven-
755 1874 823 1912 unno
834 1862 892 1906 628.
903 1872 961 1908 cuns
974 1863 1026 1905 tem
1039 1853 1151 1904 feliciter
1161 1853 1286 1902 in'lbans·

189 1933 243 1978 tum
262 1930 396 1980 Hannonis
407 1934 582 1995 eustracopit,
600 1933 713 1985 Anniba·
755 1935 854 1998 alpinos
870 1933 977 1996 Ligures
996 1932 1129 1996 gessisset,
1144 1935 1172 1978 et
1190 1928 1223 1978 de
1242 1929 1285 1976 Li·

187 2003 240 2052 lem
256 2003 289 2052 ab
308 2006 371 2054 urbe
383 2006 493 2070 depulit,
509 2010 625 2073 Capuam
645 2025 715 2061 rece·
756 2009 871 2070 guribus,
888 2006 1072 2070 Vocontiisque
1094 2003 1285 2065 triumphasset,

189 2076 240 2138 pit,
255 2078 373 2142 illiusque
397 2083 519 2132 Senatum
546 2086 631 2134 securi
659 2101 716 2149 per·
756 2084 836 2133 Italos
846 2084 878 2132 ad
891 2083 1027 2146 petendam
1043 2080 1176 2128 civitatem
1188 2077 1283 2138 primus

190 2150 280 2200 cussit·
314 2154 433 2204 Quatnor
450 2157 517 2206 filios
537 2161 661 2222 suscepit,
687 2176 715 2210 v.
756 2161 891 2220 excitarit,
907 2165 935 2208 et
946 2159 976 2208 C.
986 2156 1105 2206 Graccho
1123 2155 1194 2213 leges
1211 2165 1285 2213 ⁸818·

190 2222 325 2286 Quintum,
342 2226 371 2274 L.
390 2229 514 2278 Manlium
533 2232 669 2280 Acidinum
688 2235 716 2281 in
757 2235 808 2283 rias
827 2233 923 2282 ferenti
941 2231 1063 2281 inuasit:
1080 2240 1161 2291 quare
1173 2225 1206 2274 ab
1219 2226 1285 2289 Opi·

190 2292 293 2361 §entem
313 2301 438 2349 Manlium
460 2303 621 2367 adoptatum,
647 2307 717 2356 Mar·
756 2306 847 2354 snianis
866 2319 917 2353 una
933 2318 991 2353 oum
1010 2300 1182 2351 doobnsfiliis
1201 2315 1283 2351 cessus

190 2374 302 2436 cnm,·.sle
313 2374 386 2437 cujus
398 2377 508 2438 posteris
522 2380 599 2440 psulo
611 2387 679 2442 post,
690 2387 718 2431 et
758 2388 805 2430 est.
840 2379 962 2429 Filiarunr
979 2378 1061 2427 altera
1080 2377 1183 2426 Lentuli
1200 2377 1283 2439 Suras,

190 2448 308 2508 Cueium,
318 2451 361 2514 qni
374 2451 496 2502 uQuinto
508 2451 590 2502 fratre
602 2455 716 2504 censore
758 2455 802 2518 qui
813 2454 846 2504 ub
857 2455 1059 2518 conjurationem
1078 2452 1196 2503 Catilium
1209 2466 1285 2500 noca-

189 2522 287 2575 Senatu
295 2532 436 2589 motusost,
444 2528 517 2590 ouius
526 2529 716 2591 neposServins
757 2537 798 2579 tus
815 2536 863 2591 est,
880 2532 961 2579 ultera
980 2531 1010 2580 L.
1023 2527 1143 2589 Cnemis,
1161 2527 1204 2589 qui
1216 2528 1282 2578 Gon·

189 2599 297 2650 Flaccus
315 2601 410 2650 ΟοιιιιιΙ
430 2615 497 2650 anuo
515 2607 573 2652 ortt.
590 2602 715 2654 Vardoeos
757 2604 931 2656 suliuitanno
942 2610 999 2656 689.
1016 2609 1099 2655 mater
1109 2603 1206 2654 extitit.

190 2675 217 2725 in
227 2675 332 2740 illyrico
343 2676 451 2727 domuit.

496 2847 664 2940 FULVII
694 2861 998 2932 NOBILIORES.

225 3020 582 3075 Msuchtsnrurannolol.
600 3027 717 3076 Consulis
758 3046 822 3093 rem,
842 3032 894 3081 duo
913 3047 954 3082 me
974 3032 1174 3090 deterrueruut,
1195 3043 1282 3089 nuum,

190 3095 257 3148 filins
275 3097 412 3158 alterfuit,
428 3101 465 3148 uti
482 3101 717 3163 diximus,Marcus
758 3105 825 3168 quod
846 3120 934 3172 eornm
958 3105 1080 3153 memoria
1101 3105 1136 3152 sit
1151 3105 1283 3166 aliquanto

191 3171 552 3240 paterSer.Nobilioris,111.'
570 3177 718 3238 quiConsul
759 3181 902 3239 vetustior,
925 3181 1045 3237 alterum,
1070 3178 1138 3240 qnod
1166 3176 1284 3224 Valerius

192 3263 258 3299 suno
276 3253 334 3300 498.
351 3250 508 3312 triumphum
528 3252 644 3298 novalem
664 3252 719 3312 egit
759 3251 833 3299 unius
853 3256 953 3298 tanturn
972 3249 1117 3296 meminerit
1132 3249 1217 3296 Marci
1235 3247 1284 3296 Ca·

190 3323 225 3372 de
245 3324 351 3384 Poenis,
375 3337 413 3372 ιν.
438 3331 609 3388 nepotemque
630 3324 719 3374 babuit
758 3324 822 3374 milli
833 3324 969 3388 quinquies
978 3322 1132 3383 Dictatoris,
1152 3322 1225 3384 cnjus
1242 3336 1284 3371 res

191 3400 308 3453 Murcum
318 3403 479 3452 Nobiliorem
488 3403 607 3452 oratioue
617 3418 649 3452 ex
658 3403 718 3454 His·
759 3399 882 3463 praeclare
894 3404 979 3462 gestas
990 3398 1016 3448 in
1028 3398 1095 3447 notis
1106 3396 1223 3460 pluribus
1241 3411 1285 3445 ex·

190 3478 267 3542 pauia
278 3477 410 3538 ulteriore,
427 3492 460 3527 ex
478 3486 555 3541 capta
572 3477 718 3543 Ambracia,
758 3474 978 3538 plicuinrus,qnas,
986 3473 1071 3538 siquis
1079 3479 1139 3522 avet
1148 3473 1286 3533 cire,con·

190 3552 346 3616 domitisque
367 3553 461 3602 AEtolis
486 3553 623 3617 triumpho,
652 3554 717 3603 Con·
758 3550 835 3598 sulat.
867 3549 933 3596 Satis
953 3551 1003 3598 erit
1024 3548 1152 3596 monuisse
1180 3553 1284 3607 gentem

188 3629 276 3678 sulutu
286 3640 352 3674 anno
364 3625 421 3690 564.
430 3634 457 3677 et
469 3628 591 3689 Censura,
602 3634 629 3677 et
640 3628 717 3677 Ennii
758 3622 860 3671 Furiam
872 3627 899 3671 et
909 3621 1048 3681 Patricium
1054 3619 1142 3682 fuisse,
1152 3625 1179 3668 et
1189 3620 1214 3669 in
1222 3633 1284 3684 qua-

188 3702 283 3753 Poiitae
296 3702 408 3750 versibus
418 3703 599 3753 clarissimatus
617 3704 669 3752 duo
679 3703 717 3752 iili
758 3706 817 3746 tuor
827 3696 939 3746 familias
955 3697 1081 3746 divisam:
1099 3694 1204 3746 fuerunt
1215 3695 1284 3745 euim

189 3777 238 3829 nili
250 3773 364 3836 suerunt,
382 3791 409 3825 v.
424 3779 531 3826 Murcus
547 3785 574 3826 et
590 3779 717 3838 Quintus3
760 3773 830 3822 Furii
843 3772 1094 3832 Metellini,Paoilli,
1106 3771 1283 3831 cnutiltffloi-

190 3859 303 3915 nterqne
325 3851 431 3911 Consul,
446 3853 490 3900 ille
511 3866 577 3900 anno
597 3857 654 3902 594,
675 3852 718 3901 hic
758 3847 786 3908 li,
814 3847 908 3912 quibus
929 3847 1049 3896 omnibns
1074 3847 1148 3907 louge
1160 3847 1284 3908 praestitit

189 3942 260 3978 anno
271 3930 329 3976 600.
345 3926 391 3975 sed
404 3927 470 3974 alter
481 3927 560 3975 altero
571 3934 616 3977 aut
626 3927 719 3976 sortior
759 3923 865 3972 Marcus
878 3923 1001 3972 Camillus
1012 3923 1076 3972 alter
1090 3937 1106 3970 a
1117 3922 1226 3970 Romulo
1238 3936 1282 3983 pa-

189 4003 261 4054 bello
274 4001 334 4065 fuit,
350 4009 396 4052 ant
407 4001 524 4063 felicior,
541 4018 600 4053 nam
611 4005 718 4053 Marcus
759 4005 800 4046 ter
815 3998 906 4060 patriae
918 3998 1072 4060 appellatus,
1093 3996 1177 4045 sexies
1191 3997 1283 4050 Tribu-

79 4101 86 4114 ·
190 4077 718 4142 deLiguribusvictoriomettriumpbnm
759 4087 807 4122 nus
829 4073 962 4132 Militaris,
988 4070 1113 4119 Dictator
1139 4070 1284 4134 quinquies,

190 4155 292 4218 retulit,
309 4155 421 4206 Quintus
442 4169 458 4202 a
480 4153 619 4203 Celtiberis
639 4154 718 4202 semel
758 4145 1155 4212 quatuortrinmpbisnobilisde
1167 4147 1283 4194 Veienti·

192 4237 270 4294 atque
280 4231 374 4280 iterum
387 4229 498 4293 turpiter
509 4228 593 4277 victus
605 4232 654 4278 est.
759 4225 816 4285 bus,
833 4223 865 4270 de
879 4287 880 4292 ¹
893 4222 984 4282 Gallis,
1003 4220 1036 4270 de
1054 4222 1149 4286 AEquis,
1173 4220 1282 4285 Volscis,

168 4338 173 4348 ·
226 4307 359 4356 Furiarum
380 4313 492 4356 stemma
506 4318 540 4353 ne
551 4304 593 4354 bic
605 4302 717 4366 subjice·
760 4299 945 4360 Etruscis,&c.
994 4341 997 4352 ‚

258 4384 343 4447 Dslpb.
352 4391 376 4436 et
391 4386 446 4438 ναι.
459 4387 523 4443 Cios
665 4383 718 4434 Vol.
731 4381 802 4430 Max.
1176 4382 1201 4428 i)
