3386 5262
378 423 401 488 6
821 437 1024 488 suerrum.

377 589 532 654 manibus
545 587 678 663 habeat,
692 586 826 669 qualem
840 585 1008 670 quondam
1023 575 1271 666 Hambergerus
1285 584 1329 650 V.
1341 583 1381 649 G.
1397 605 1466 650 mo·

377 689 530 765 liebatur,
544 687 595 750 uti
608 705 652 750 ex
665 686 740 769 ejus
754 686 956 751 Praefatioue
973 687 1017 749 ad
1031 684 1130 748 Tom.
1148 702 1172 748 1.
1209 686 1279 750 Der
1300 684 1466 752 zuvorl'as-

376 787 776 871 sigeuNacbriohtenron
787 787 851 851 deu
861 786 1351 852 romehmsteuSchriststellem
1358 789 1466 852 videre

374 896 434 952 est
478 888 544 952 Sed
558 897 690 971 tempus
704 895 767 961 est,
782 889 861 971 quid
881 889 1012 953 consilii
1027 889 1062 951 iu
1076 887 1204 952 dendo
1218 888 1357 952 Valerio
1370 907 1466 951 secu-

375 993 428 1052 tus
450 992 524 1067 sim,
548 990 721 1074 copiosius
741 1009 922 1073 exponere,
945 1009 1013 1072 quo
1034 990 1167 1054 facilius
1189 986 1294 1054 lector
1315 989 1465 1054 eruditus

373 1088 416 1154 de
429 1092 538 1173 pretio
553 1091 720 1155 Editionis
735 1111 821 1156 meae
835 1093 944 1173 possit
952 1091 1116 1174 judicare.

416 1191 560 1256 Animus
574 1212 652 1274 ergo
667 1199 749 1269 erat,
762 1193 863 1256 talem
878 1211 996 1274 parare
1011 1191 1209 1270 Editionem,
1222 1213 1297 1276 quae
1312 1198 1346 1257 et
1360 1195 1464 1257 omni·

372 1296 436 1358 bus
448 1295 609 1358 subsidiis
625 1296 669 1360 ad
683 1294 930 1378 intelligendum
946 1293 1116 1358 Valerium
1131 1296 1292 1360 instructa
1306 1306 1409 1374 esset,
1431 1304 1464 1360 et

371 1398 482 1460 omnia
503 1398 545 1461 ab
560 1397 797 1480 Interpretibus
812 1397 903 1460 dicta
917 1397 1109 1474 contineret,
1124 1417 1193 1480 quo
1208 1398 1313 1461 lector
1324 1397 1463 1461 inoffen-

371 1519 410 1563 so
436 1499 522 1582 pede
547 1519 681 1582 pergere
706 1505 832 1583 posset,
861 1518 968 1581 neque
992 1519 1077 1582 opus
1101 1499 1246 1577 baberet,
1272 1499 1463 1564 evolvendis

370 1600 485 1664 multis
499 1601 594 1665 libris
603 1609 735 1684 tempus
749 1601 897 1683 perdere,
911 1601 983 1663 sive
996 1600 1158 1678 criticam,
1173 1601 1245 1664 sive
1260 1601 1462 1676 Historiam,

370 1701 443 1762 sive
459 1701 723 1783 chronologiam,
746 1705 818 1766 sive
837 1701 1092 1784 Geographiam,
1116 1703 1188 1768 sive
1202 1702 1461 1784 Antiquitatem,

369 1801 442 1864 sive
470 1801 613 1883 denique
639 1803 855 1867 Latinitatem
883 1807 1058 1886 spectaret.
1100 1804 1263 1868 Diversus
1293 1805 1380 1866 enim
1408 1807 1462 1866 est

367 1901 527 1966 lectorum
539 1923 677 1986 scopus,
692 1905 826 1971 diuersa
840 1907 997 1987 cognitio,
1014 1905 1179 1970 diversum
1194 1904 1355 1969 studium.
1389 1903 1462 1969 Alii

366 2004 564 2069 brevitatem
580 2015 705 2084 amant,
726 2007 785 2070 alii
799 2007 952 2090 copiam;
974 2008 1034 2070 alii
1048 2007 1083 2069 iu
1100 2005 1310 2069 facilioribus
1324 2007 1459 2082 haerent,

367 2104 443 2168 aliis
457 2108 525 2170 sere
546 2107 629 2172 nihil
642 2110 766 2189 negotii
788 2110 950 2189 occurrit;
972 2109 1047 2172 aliis
1066 2107 1113 2170 nil
1127 2108 1192 2171 nisi
1206 2109 1321 2171 critice
1334 2108 1460 2191 placet,

366 2205 425 2268 alii
438 2208 538 2270 crisin
552 2229 594 2271 ne
605 2210 770 2273 tantillum
782 2209 919 2291 quidem
933 2217 1121 2274 aestumant.
1165 2209 1243 2269 Hos
1255 2227 1369 2268 omues
1383 2216 1460 2270 aute

366 2307 483 2372 ocuios
497 2310 609 2385 habui,
634 2311 688 2372 his
708 2311 818 2371 studui
844 2309 1051 2381 satisfacere,
1075 2309 1124 2367 ita
1142 2311 1261 2380 tamem
1285 2312 1321 2367 nt
1345 2305 1459 2386 quoad

364 2405 434 2469 fieri
448 2411 568 2488 potuit,
582 2410 690 2489 prima
703 2407 759 2468 lex
768 2413 861 2467 osset
871 2406 1029 2467 brevitas.

409 2507 450 2570 In
474 2515 568 2572 textu
593 2508 695 2588 igitur
717 2506 890 2570 formando
917 2514 1052 2570 secutus
1076 2524 1152 2568 sum
1171 2507 1246 2590 jure
1270 2506 1456 2588 meritoque

360 2609 570 2686 Torreuium,
593 2609 658 2672 uisi
680 2609 740 2670 ubi
755 2591 952 2671 oodnssMss.
968 2615 1027 2672 aut
1053 2608 1184 2673 critices
1206 2608 1330 2689 regulae
1355 2609 1456 2672 aliam

364 2709 559 2774 lectionem
580 2710 768 2787 suaderent,
791 2716 868 2772 tunc
895 2713 984 2774 enim
1004 2731 1070 2775 non
1090 2710 1245 2774 dubitavi
1260 2709 1455 2775 aTorreuio

360 2810 526 2887 recedere,
549 2813 640 2894 quod
652 2831 735 2892 vero,
745 2829 819 2874 raro
834 2809 1039 2888 factumest,
1060 2813 1110 2875 oti
1124 2831 1168 2875 ex
1183 2812 1454 2877 annotationibus

360 2913 445 2974 meis
473 2919 507 2976 et
535 2915 784 2996 comparatione
813 2933 890 2977 cum
918 2921 1014 2978 textu
1035 2913 1239 2979 Torreniauo
1269 2915 1453 2998 apparebit.

362 3010 532 3090 Quoniam
545 3034 625 3079 vero
640 3015 722 3093 vidi,
736 3016 858 3099 Pighii,
868 3015 989 3094 Celeri,
1003 3023 1037 3082 et
1050 3017 1178 3081 Vorstii
1192 3018 1404 3083 recensiones
1418 3019 1453 3080 iu

359 3114 576 3198 plurimorum
595 3120 750 3183 manibus
764 3137 859 3199 esse3
881 3119 971 3184 baud
983 3121 1097 3184 inutile
1116 3120 1185 3182 fore
1209 3121 1401 3198 arbitrabar,
1423 3123 1453 3186 si

357 3219 519 3299 potiorem
533 3220 729 3282 varietatem
740 3219 908 3282 Lectionis
924 3220 1038 3281 harum
1051 3219 1245 3281 Editionum
1261 3220 1450 3300 adjicerem,

358 3327 394 3381 et
409 3319 460 3380 sic
474 3317 620 3400 quodam
634 3319 736 3381 modo
751 3318 936 3381 Historiam
951 3325 1067 3383 textus
1081 3318 1162 3382 editi
1177 3318 1382 3382 conficerem.
1410 3321 1452 3384 Iu

357 3438 426 3502 quo
452 3419 483 3482 si
504 3419 619 3482 multis
642 3418 738 3500 justo
761 3418 927 3481 liberalior
954 3424 988 3483 et
1011 3417 1182 3481 verbosior
1200 3416 1307 3481 fuisse
1324 3421 1449 3500 videar,

355 3525 502 3602 cogitent
515 3520 626 3596 velim,
641 3538 695 3582 me
710 3520 828 3603 partim
844 3519 1018 3600 abreptum
1033 3538 1107 3582 esse
1124 3520 1240 3583 saeculi
1255 3523 1358 3585 nostri
1372 3543 1450 3588 cou-

352 3619 543 3693 suetudine,
567 3621 689 3702 partim
713 3618 822 3683 studio
846 3618 985 3697 criseos,
1008 3621 1099 3704 quod
1122 3640 1182 3684 uos
1210 3642 1303 3705 saepe
1326 3624 1449 3689 invitos

348 3721 484 3801 longius
508 3723 621 3784 trahit.
667 3720 743 3784 Etsi
768 3727 878 3785 autem
897 3729 1084 3805 opportuna
1107 3743 1145 3786 se
1165 3725 1246 3788 mihi
1270 3725 1449 3790 obtulisset

343 3818 496 3892 occasio,
517 3826 552 3882 et
565 3821 660 3900 larga
674 3821 815 3886 materia
833 3822 1026 3905 disputandi
1046 3825 1087 3889 de
1109 3827 1226 3906 genesi
1239 3825 1449 3890 Variantium

337 3913 557 3994 Lectionum,
572 3925 608 3982 et
622 3922 675 3986 sic
686 3923 786 3988 samae
796 3944 881 3988 meae
897 3945 1039 4008 meoque
1053 3929 1221 4012 marsupio
1236 3928 1448 4009 consulendi,

329 4011 431 4120 notui
450 4019 563 4078 tamen
578 4020 725 4088 lectores
740 4027 881 4108 fatigare
903 4029 1020 4092 antiis
1044 4049 1204 4094 nauseam
1226 4049 1347 4107 creare,
1370 4051 1447 4095 cum

320 4107 425 4218 mibi,
453 4109 717 4221 incoltigeudis
732 4126 846 4192 Variis
871 4130 1086 4194 Lectionibus
1112 4138 1294 4212 occupato,
1317 4136 1445 4216 saepius

309 4204 465 4266 Pimrus
491 4227 525 4270 m
552 4229 655 4280 aures
688 4225 920 4310 insusurraret,
948 4231 1039 4313 quod
1063 4233 1138 4297 Lib.
1163 4245 1204 4295 ιι.
1227 4234 1279 4296 14.
1311 4236 1442 4302 scribit:
