3214 5170
490 471 570 521 oar.
587 471 627 522 ιι.
649 471 697 520 nn
721 429 991 523 roamrunm's.
1218 463 1290 530 atr

201 627 266 684 tem
279 615 431 698 redegit?
451 615 488 679 nt
501 613 598 678 illum
612 632 679 677 non
693 614 843 695 periculo
861 631 1048 698 oppressus
1070 628 1200 699 rapere,
1223 612 1283 684 sod

199 726 290 785 metu
314 737 439 787 vacuus
464 735 591 781 samem
614 716 789 781 rideretur.
833 715 912 792 Quo
937 717 1129 800 spectaculo
1151 719 1289 786 attoniti-

196 820 318 897 hostes,
342 824 476 903 postero
499 817 552 883 die
581 817 625 883 ad
652 821 762 880 eum⁵⁹
783 813 973 898 supplices'
994 836 1115 899 pacem
1135 823 1286 901 petentes

198 913 384 986 venerunt*

240 1023 293 1087 17.
315 1020 421 1101 Togae
446 1037 579 1102 quoque
603 1017 764 1085 fortitudo
789 1018 988 1083 militaribus
1013 1019 1170 1100 operibus
1194 1021 1284 1087 inse-

195 1119 299 1188 renda
313 1125 389 1198 ests
410 1121 490 1203 quia
510 1118 646 1183 eandem
668 1120 803 1184 landem
825 1118 899 1183 foro
925 1125 1024 1201 atquo
1047 1105 1170 1183 castris
1193 1121 1282 1188 edita

194 1229 344 1286 meretur.
388 1219 474 1284 (ium
487 1219 540 1287 Ti.
566 1219 738 1284 Gracchus
760 1220 797 1284 in
807 1221 974 1286 tribunatu
987 1219 1284 1303 profusissimis⁶⁰⁵-

193 1323 425 1404 largitionibus
447 1321 560 1386 favore
574 1322 690 1405 populi
704 1328 869 1405 occupato
883 1322 1121 1403 rempublicam
1143 1339 1282 1407 oppres-

194 1442 267 1492 sam
282 1429 415 1502 teneret,
428 1423 604 1506 palamque
618 1423 798 1501 dictitaret,
814 1425 1009 1487 ‘interemto
1025 1429 1155 1503 senatu,
1169 1427 1281 1490 omnia

192 1545 254 1608 per
267 1527 398 1608 plebem
413 1525 467 1605 agi
481 1522 621 1602 debere,'
643 1525 679 1588 in
702 1524 806 1589 aedem
833 1523 949 1588 Fidei*
968 1524 1102 1606 publice
1110 1522 1136 1564 ⁶¹
1159 1545 1281 1592 convc-

192 1627 260 1695 cati
271 1625 390 1690 Patres
404 1623 583 1707 conscripti
599 1644 619 1689 a
633 1626 772 1690 consule
789 1623 906 1690 Mucio
920 1624 1100 1700 Scaevola,¹⁸
1121 1627 1281 1708 quidnam

191 1727 226 1792 in
241 1726 301 1792 tali
314 1731 514 1809 tempestate
528 1725 717 1793 laciendum
731 1734 831 1804 esset,
846 1725 1083 1790 deliberabant.
1126 1723 1281 1792 Cunctis·¹

190 1848 257 1913 que
272 1826 492 1903 censentibus,
514 1830 571 1891 ‘ut
590 1827 710 1891 consul
725 1827 827 1892 armis
851 1825 1093 1909 rempublicam
1115 1827 1280 1904 tueretur,'

191 1928 351 1995 Scaevola
374 1928 522 2008 negarit,
544 1931 604 1991 ‘sc
619 1927 798 2011 quicquam
817 1927 852 1992 ri
877 1945 950 1990 esse
975 1925 1150 1992 acturum?
1190 1926 1278 1992 Tum

191 2027 311 2111 Scipio
328 2027 476 2094 Nasica:
498 2026 709 2107 ‘Quoniam'
723 2029 845 2112 inquit,
860 2028 1014 2106 ‘consul,
1028 2027 1108 2092 dum
1118 2027 1206 2111 juris
1224 2047 1280 2092 ora

217 2253 233 2290 r
253 2245 328 2304 Quem
341 2246 448 2308 gladium
463 2247 619 2296 emutatus
639 2261 655 2296 o
678 2245 837 2310 wenna
860 2246 1019 2309 abbadias,
1044 2251 1068 2296 et
1082 2245 1201 2308 delam
1215 2245 1281 2296 aet

185 2312 257 2376 pedes
267 2311 376 2375 misas,
388 2311 510 2360 stiamcit
519 2310 765 2374 naisumtcmsorti
774 2310 851 2360 nmmo
861 2311 967 2374 serm
978 2313 1010 2363 cd
1020 2325 1072 2368 aar
1090 2313 1281 2378 rumpendam„

187 2377 370 2490 “2³23an
379 2452 467 2503 quoquc
476 2437 524 2488 ciri
535 2436 613 2500 togati
622 2436 739 2488 murati«
749 2443 785 2489 eat
795 2452 848 2488 mm
856 2439 932 2500 gasts
940 2437 1091 2489 militm-ibor.

632 2561 814 2582 MNO

183 2658 228 2774 gri
238 2658 309 2721 legit,
326 2658 509 2720 crocina-59
523 2657 626 2722 lipsius
637 2655 711 2722 legit,
726 2658 757 2706 nd
769 2659 868 2708 Pasiam
875 2673 885 2716 ,¹
902 2657 1011 2708 Colerus
1021 2661 1052 2708 nd
1062 2672 1113 2708 eam
1133 2659 1277 2722 expungit5

213 2724 308 2772 dusius
318 2723 391 2785 legit,
407 2724 439 2770 nd
448 2721 583 2784 AEmiltum,
599 2723 668 2786 qnod
686 2735 744 2772 curn
754 2722 897 2772 Plutarcho
916 2724 1045 2773 convenit.
1079 2722 1178 2772 Omnes
1198 2722 1276 2777 codd.

182 2815 333 2859 constanter
343 2817 448 2860 serrant
459 2809 528 2873 vulg.
539 2816 636 2874 preter
647 2810 720 2859 Leid.
731 2813 754 2858 l.
766 2810 812 2874 qni
822 2811 902 2860 habet
912 2813 944 2862 nd
953 2798 1016 2874 Hm,
1028 2809 1046 2861 i.
1058 2824 1082 2860 e.
1094 2813 1126 2860 nd
1136 2813 1277 2864 Romam

183 2872 325 2922 Torreniua
345 2879 429 2935 putat,
447 2873 578 2924 Valerium
598 2887 649 2924 uon
668 2873 823 2933 meminisse,
837 2872 864 2923 id
883 2874 917 2922 ab
936 2876 1101 2924 adolescente
1118 2873 1231 2940 factum
1248 2885 1278 2928 et

183 2934 359 2997 retinendum,
370 2939 401 2986 nd
411 2941 535 2986 camebi)
551 2936 595 2986 lta
605 2935 703 2985 Brand.
712 2929 744 2984 ¹1.
765 2939 791 2983 2.
812 2941 867 2984 tres
886 2935 978 2986 Leidd.
999 2939 1093 3002 Ultraj.
1104 2942 1127 2986 1.
1137 2943 1162 2988 2.
1183 2940 1289 3003 Copae„

183 2997 260 3048 Harl.
273 3001 356 3050 Bitur.
369 3005 392 3050 1.
403 3004 429 3048 2.
447 3000 566 3058 etBarb.
582 3004 605 3048 1.
622 3013 679 3048 curn
691 2999 751 3056 vec
770 2999 840 3062 Meg.
850 2999 957 3048 Venctt.
976 3008 1002 3048 et
1021 3001 1129 3049 Medici.
1142 3002 1278 3064 presunt*

182 3062 249 3112 aaa
259 3062 332 3115 Laid.
342 3069 365 3115 t.
378 3070 406 3113 et
418 3063 451 3113 ab
463 3063 496 3111 al.
508 3078 542 3111 m.
556 3060 742 3128 profuisaimiu
756 3062 821 3112 Tell.
829 3061 983 3129 prosarium
998 3063 1052 3120 atti,
1067 3063 1179 3125 pressas.
1211 3065 1277 3119 Μαι

183 3141 230 3190 pro
240 3133 350 3191 occapotc
362 3128 463 3190 Lipsius
474 3126 555 3186 malit,
570 3129 692 3188 amputo.
724 3125 828 3174 Deinde
848 3124 923 3176 Laid.
941 3130 966 3177 i.
987 3126 1081 3190 (iopes.
1099 3134 1126 3174 et
1144 3127 1240 3192 Ultraj.
1251 3133 1284 3180 1..

179 3192 303 3256 polumque
319 3193 428 3242 dictaret.
461 3191 536 3241 Harl.
554 3192 596 3252 ogi
614 3194 791 3254 ammeca-til
814 3189 857 3240 Ita
875 3189 955 3239 Aldd.
972 3193 1022 3240 &c
1039 3189 1195 3264 antiquiores
1213 3197 1279 3244 vern
1318 3186 1325 3205 ⁸

179 3253 287 3320 publice,
303 3256 370 3332 qnod
382 3257 469 3319 placet
479 3257 613 3329 Torrenio.
646 3253 688 3303 De
700 3252 776 3304 codd.
789 3253 815 3302 in
834 3253 890 3330 imc-
904 3266 932 3302 re
951 3253 1074 3330 affirmari·
1087 3254 1151 3330 nibil
1171 3262 1276 3331 potest5

182 3331 240 3370 cum
253 3321 369 3386 plerique
381 3334 483 3386 semper
493 3334 540 3386 pro
548 3317 708 3384 diphthongo
724 3317 821 3368 babent
838 3332 852 3368 a
871 3316 990 3382 simplex.
1020 3317 1103 3368 ‘Mihi
1122 3318 1202 3370 lectio
1220 3321 1276 3370 vul·

672 3464 780 3516 NOTAE

212 3593 278 3644 'Ad
287 3608 339 3642 caat
349 3595 475 3659 appara]
491 3596 534 3646 Nc
552 3595 643 3646 credas
654 3595 707 3644 Va·
779 3601 789 3628 ⁸
804 3594 836 3643 In
849 3592 980 3644 rutenus
986 3592 1168 3658 refunditis]
1183 3591 1275 3651 Dali-

178 3665 253 3733 lerlc,
261 3670 311 3720 nisi
322 3684 381 3720 cum
392 3671 448 3734 ipro
459 3685 547 3722 errare
558 3671 635 3732 velim
653 3672 708 3720 nul·
746 3668 813 3719 herii
824 3668 936 3721 Gracchi
946 3669 1088 3720 'l'ribunatn
1097 3676 1125 3719 et
1136 3670 1210 3722 carde
1221 3671 1275 3737 egil

178 3741 231 3796 lum
241 3745 320 3806 enim,
336 3760 383 3795 seu
392 3747 583 3809 magistratum,
594 3761 641 3797 sen
652 3762 707 3796 mu·
747 3761 803 3796 mua
813 3747 857 3797 lib.
869 3761 888 3798 r.
904 3761 928 3796 c.
940 3751 966 3798 ⁴.
981 3761 1008 3798 n.
1019 3751 1043 3798 2.

179 3833 225 3874 nus
241 3819 373 3884 publicum
391 3828 445 3870 tum
466 3823 703 3886 gerebatcatoille
777 3823 833 3872 ‘la
853 3824 927 3872 aden
949 3822 1032 3885 Fidei]
1060 3825 1126 3875 Ques
1151 3823 1274 3878 artum

178 3894 299 3945 Censoris
310 3894 394 3956 filins3
411 3897 457 3945 aed
478 3896 614 3946 admodum
627 3898 702 3961 jure·
744 3899 874 3962 Pompilio
881 3898 907 3946 ln
918 3898 1207 3961 Capitolioconsecrata
1214 3899 1275 3962 fnit,

177 3969 219 4024 nis
239 3970 287 4020 snb
308 3971 390 4020 Panlo
410 3971 512 4021 AEmilio
530 3971 672 4032 militabam
688 3985 704 4020 a
743 3987 776 4022 ex
794 3972 868 4024 Pint.
883 3973 981 4033 Dione,
999 3979 1027 4022 et
1046 3973 1120 4034 aiiis;
1136 3973 1273 4027 deindeab

178 4057 237 4107 quo,
250 4046 446 4108 nonaCntone,
462 4045 619 4096 Macedones
632 4046 703 4098 ricto
744 4047 837 4097 Attilin
865 4046 983 4096 Calatino
1010 4045 1119 4111 reiecta,
1139 4062 1173 4098 ex
1196 4050 1273 4100 Cice·

178 4117 276 4172 Perseo
287 4137 377 4184 pacem
390 4125 528 4187 petierunt
744 4135 815 4172 rone.

211 4191 424 4248 wunsam.
452 4198 495 4249 οι.
515 4202 570 4248 rea.
589 4181 614 4247 1.'
635 4169 703 4254 irre.
775 4196 885 4246 unca
895 4195 1010 4259 ama]
1026 4197 1059 4248 P.
1071 4196 1158 4247 crasi
1175 4197 1272 4250 mena.

179 4266 208 4324 G·
219 4271 275 4320 685.
301 4268 365 4322 Ant.
376 4273 406 4326 c.
419 4277 474 4324 167.
742 4272 779 4336 ni,
793 4269 827 4322 de
839 4286 890 4338 quo
902 4272 979 4338 paulo
989 4277 1060 4336 ante,
1070 4268 1152 4324 irater
1161 4270 1221 4328 t'uit.
