3386 5262
656 607 861 658 russerie.
1262 587 1304 654 ll

212 771 280 816 non
295 751 460 834 expunxit
475 770 515 814 ea
529 751 615 828 laea,
634 751 690 814 ubi
705 747 862 813 Valerius
877 769 914 813 se
930 755 1071 814 excusat
1086 751 1128 815 de
1148 749 1304 832 longiori·-

213 853 277 916 bns
301 851 488 934 Exemplis,
517 851 609 935 operi
635 871 695 915 suo
721 856 837 915 eontra
861 869 1003 933 scopum
1029 855 1121 915 suurn
1145 852 1304 916 insertist

215 969 247 1014 r.
264 953 292 1016 7.
319 953 393 1017 Ext.
404 954 455 1017 10.
479 970 518 1016 11.
534 956 565 1017 7.
581 955 613 1016 d.
637 951 873 1016 1v.1.12.&e.
901 970 960 1015 eur
986 960 1106 1016 auctor
1129 951 1305 1033 Epitomes·

212 1072 276 1117 non
298 1056 411 1118 omisit
436 1057 524 1119 istas
551 1054 743 1128 sententiae,
764 1053 866 1117 istum
881 1051 1004 1129 fucum,
1028 1055 1115 1116 istos
1130 1071 1303 1126 excessus,

211 1155 269 1235 qui
298 1156 334 1219 in
364 1157 505 1238 legendo
530 1175 658 1220 moram
683 1154 848 1237 injiciunt,
881 1159 915 1218 et
949 1155 1132 1218 lectoribus
1163 1154 1303 1219 fastidio
1424 1158 1426 1165 '

211 1258 312 1320 sunti
356 1256 462 1341 (Vide
478 1257 623 1322 Fabricii
640 1256 729 1320 Bibi.
745 1256 820 1321 Lat.
836 1257 933 1321 Tem.
948 1272 986 1319 11.
1002 1276 1077 1338 pag.
1093 1257 1146 1320 51.
1173 1257 1226 1322 ed.
1242 1258 1302 1321 Er-

209 1355 326 1440 nesti.)
369 1358 490 1422 Nonne
505 1358 628 1422 exinde
643 1359 770 1422 elerum
783 1358 833 1435 fit,
859 1366 965 1422 totum
979 1365 1012 1422 et
1025 1359 1185 1440 integrum
1200 1357 1302 1422 Vale·

208 1457 294 1520 rium
307 1458 415 1524 adhue
439 1478 626 1543 superesse,
650 1459 731 1541 'quia
752 1462 923 1525 sententiae
948 1460 1035 1536 istae,
1057 1460 1304 1538 istaaoumina,

208 1559 272 1622 ista
285 1560 515 1637 redundantia,
537 1566 726 1642 supersunt,-
749 1559 790 1622 de
809 1562 931 1643 quibus
952 1561 1026 1642 ipse
1040 1561 1222 1626 dannanus
1236 1562 1306 1628 loc:

208 1663 264 1726 cit.
285 1662 454 1745 queritur?
480 1715 483 1720 .
503 1661 625 1726 Mirum
652 1669 751 1740 certe,
777 1664 806 1726 si
830 1662 1024 1738 Januarius,
1048 1663 1106 1745 qui
1129 1661 1303 1728 Valerium

209 1763 384 1826 clariorem
407 1763 549 1828 reddere
576 1763 722 1842 volebat,
753 1765 850 1828 nobis
879 1783 956 1828 eum
987 1764 1210 1843 obscurasset,¹
1242 1767 1302 1829 'ob-

205 1864 380 1942 fuscasse,
392 1871 424 1930 et
439 1864 625 1929 Cimmeriis
639 1867 782 1931 tenebris
797 1865 1008 1930 involvisset!
1033 1865 1171 1943 Mirum,
1187 1867 1228 1944 si,
1242 1867 1302 1950 qui

205 1985 246 2029 ne
261 1966 296 2028 in
311 1967 370 2030 illa
386 1967 520 2049 quidem
542 1970 682 2051 parvula
698 1967 852 2051 Epistola
866 1987 905 2031 se
928 1986 949 2030 a
972 1968 1126 2031 sordibus
1148 1968 1302 2051 inquina-

205 2067 300 2130 tioris
326 2069 521 2133 Latinitatis
546 2071 630 2134 tueri
653 2071 776 2152 potuit,
797 2070 833 2132 in
856 2073 928 2133 tota
949 2068 1101 2152 Epitome
1122 2069 1302 2134 Valeriana

205 2168 362 2244 cavisset,
376 2187 420 2232 ne
435 2171 508 2250 ejus
522 2173 656 2252 sequior
675 2175 761 2234 aetas
775 2171 992 2251 proderetur!
1036 2169 1127 2232 Nam
1153 2169 1245 2250 quod
1264 2170 1302 2232 in

102 2323 104 2326 Α
205 2264 345 2329 Valerio
365 2267 510 2348 parvitas
539 2274 646 2344 extat,
669 2286 767 2349 aeque
787 2269 897 2330 minus
919 2268 1025 2346 arguit
1039 2272 1172 2330 aetatem
1200 2269 1301 2332 Tibe·

205 2366 256 2429 rio
268 2367 491 2448 posteriorem,
505 2385 606 2447 quam
622 2365 832 2430 Velleiauum
853 2364 1054 2430 mediocritas.
1100 2365 1224 2431 Extare
1243 2390 1301 2436 ve·

203 2487 251 2544 ro,
265 2483 290 2530 1.
307 2469 338 2530 5.
351 2467 384 2529 in
397 2465 474 2544 fine,
484 2487 505 2530 a
519 2466 664 2530 librariis
678 2465 866 2550 profectum
881 2473 958 2542 est„
967 2488 1032 2532 non
1046 2469 1226 2549 aVulerio,
1242 2473 1302 2555 qui

204 2568 327 2632 diserte
350 2578 380 2631 et
405 2579 476 2630 tnnc
499 2575 598 2652 atque
622 2579 652 2632 et
674 2566 814 2652 deinceps
832 2571 917 2634 iuter
940 2588 977 2632 se
1001 2572 1152 2653 opponit.
1198 2571 1301 2650 Quod

203 2670 344 2755 denique
359 2671 401 2735 de
415 2679 544 2738 mortuo
558 2692 650 2751 eane,
668 2689 692 2738 1.
715 2673 747 2736 5.
762 2673 794 2737 3.
810 2673 909 2751 dixit,
932 2671 1095 2738 decesserat
1109 2670 1247 2750 catellus,
1262 2675 1300 2740 id

202 2774 237 2836 iu
249 2773 391 2852 homine,
414 2775 473 2856 qui
487 2774 642 2839 affectate
656 2776 768 2840 omnia
788 2777 947 2851 enuntiat,
959 2781 995 2841 et
1008 2778 1153 2858 argutias
1173 2781 1298 2858 captat,

201 2893 266 2939 non
292 2882 348 2939 est
368 2876 563 2940 mirandum.
608 2876 698 2940 Nam
724 2896 803 2942 enm
825 2877 981 2942 insanum
1006 2897 1153 2942 amorem
1176 2879 1297 2962 puellae

201 2996 280 3058 erga
301 2977 446 3042 bestiam
472 2977 659 3044 describere
682 2978 793 3055 vellet,
816 2977 967 3042 consulto
992 2978 1146 3044 adhibuit
1160 2979 1299 3062 phrasin

200 3078 382 3157 insolitam,
397 3085 433 3143 ut
446 3080 601 3143 lectorem
617 3085 765 3144 moneret
775 3081 894 3162 partim
910 3080 952 3142 de
967 3081 1207 3168 consuetudine
1222 3102 1298 3163 par-

200 3178 364 3255 vulorum,
387 3181 446 3259 qui
472 3198 565 3252 ares,
580 3179 676 3251 feles,
692 3182 724 3239 et
738 3197 838 3240 canes
852 3180 888 3239 in
902 3179 977 3239 sinu
989 3185 1134 3256 gestant,
1151 3186 1298 3242 mortuos

200 3279 337 3354 deflent,
352 3293 393 3338 ae
417 3275 592 3357 sepeliunt,
608 3279 667 3338 tre.
683 3275 802 3357 partim
823 3275 867 3336 de
890 3275 1033 3338 stultitia
1046 3278 1221 3339 multorum
1237 3279 1298 3342 ho-

199 3381 324 3444 minum
353 3376 568 3452 adultiorum,
592 3376 651 3459 qui
677 3394 772 3457 saepe
796 3378 888 3439 tanto
918 3393 1028 3437 amore
1054 3382 1298 3460 prosequuntur

199 3483 308 3560 bruta,
321 3487 361 3544 nt
380 3498 422 3545 ea
443 3479 572 3561 oppido
596 3480 725 3543 cariora
747 3477 1101 3542 habeauthomiuibus.
1146 3478 1184 3540 Si
1207 3477 1296 3561 ejus-

198 3583 291 3647 modi
302 3583 424 3665 ineptae
440 3581 625 3646 locutiones
640 3588 837 3664 argumento
847 3585 972 3656 essent,
983 3578 1088 3643 libros
1102 3597 1181 3642 esse
1194 3578 1296 3644 foetus

200 3687 365 3769 sequioris
386 3685 514 3762 aetatis,
530 3691 619 3748 certe
629 3684 747 3749 Florus
762 3683 924 3766 multique
939 3680 998 3744 alii
1013 3687 1142 3744 veteres
1156 3680 1296 3764 scripto·

198 3806 252 3850 res
267 3786 488 3868 illotempore
512 3804 579 3849 non
594 3784 771 3861 vixissent,
798 3803 866 3866 quo
882 3783 1007 3847 vixisse
1031 3780 1210 3846 creduntur.
1255 3782 1296 3847 In

197 3887 416 3971 dijudicanda
441 3887 639 3968 scriptorum
662 3889 763 3952 aetate
786 3885 873 3949 ratio
895 3881 1049 3946 habenda
1073 3886 1123 3944 est
1148 3883 1296 3946 universi

196 3989 327 4054 dicendi
343 3989 480 4071 generis,
501 4008 570 4070 quo
593 3988 735 4070 quisque
754 4004 836 4051 usus
852 3990 912 4062 est,
937 4003 998 4048 nee
1020 3980 1229 4047 solummodo
1250 3983 1294 4048 ad

197 4090 327 4173 singula
342 4090 445 4154 verba
465 4088 518 4154 vel
539 4089 693 4153 insolitas
709 4089 847 4172 phrases
870 4084 1113 4168 respiciendum
1131 4089 1193 4159 est,
1217 4103 1293 4166 quae

195 4193 322 4275 saepius
338 4196 430 4255 certa
444 4191 487 4254 de
503 4209 606 4254 eausa
621 4191 663 4254 ab
678 4190 721 4253 iis
733 4189 940 4254 adhibentur.
986 4183 1069 4266 Age,
1086 4185 1116 4248 si
1126 4183 1294 4250 inPlauto

195 4293 354 4356 nonnulla
377 4292 493 4374 inepte
519 4290 673 4355 dicuutur
699 4310 720 4354 a
746 4288 864 4365 servis,
887 4286 965 4369 quis
991 4303 1111 4368 quaeso
1133 4285 1292 4350 Plautum

194 4399 334 4478 propter
352 4411 393 4458 ea
417 4392 461 4458 ad
483 4393 640 4475 sequiora
662 4391 804 4458 detrudit
826 4389 1000 4472 temporat
1032 4387 1069 4452 Si
1091 4387 1239 4462 Satiriei„
1260 4389 1292 4450 si
