3210 5158
416 452 419 472 .
486 420 565 472 aar.
582 422 605 470 r.
629 423 676 472 an
700 423 982 474 manseramus.
1215 415 1280 482 489

199 566 286 632 male
299 563 505 632 merimmze
525 563 767 640 ‘sumsissem,'
791 563 907 646 inquit,
930 569 977 631 ‘a
1003 570 1035 630 te
1064 568 1277 650 supplicium,

197 669 260 734 nisi
275 669 336 734 tibi
351 668 456 734 iratus
468 663 596 729 essem!
622 663 742 728 Maluit
756 666 842 728 enim
858 666 1091 750 impunitum⁶⁵
1106 669 1278 756 dimittage,

197 788 298 852 quarn
313 774 449 850 propter
463 767 543 829 iram
559 764 689 846 gravius
698 763 794 846 justo
808 764 950 846 punire*
1242 842 1245 851 ¹

237 870 269 934 2.
293 868 405 933 Nimis
420 865 565 930 liberalis
580 862 739 947 Archytae
756 863 957 932 moderatio:
980 868 1129 934 Platonis
1154 876 1278 954 tempe-

195 969 335 1032 rationu
354 986 433 1032 nam
447 983 522 1030 cam
538 965 695 1030 adversus
711 965 870 1030 delictum
885 966 972 1030 servi
983 970 1205 1033 vehementius
1220 992 1279 1034 ex·

195 1069 343 1145 arsisset,
364 1068 492 1131 veritus
514 1086 556 1130 ne
579 1067 656 1148 ipse
679 1066 813 1129 modum
839 1065 997 1131 vindictae
1020 1067 1183 1150 dispicere
1208 1091 1277 1135 non

193 1175 319 1253 posset,
333 1163 544 1250 Speusippol
565 1166 673 1230 amico
696 1165 928 1247 castigationis
949 1165 1119 1230 arbitrium
1141 1171 1278 1234 manda·

194 1271 264 1348 vit;
287 1268 429 1332 deforme
449 1268 514 1332 sibi
536 1267 679 1332 futurum
692 1267 902 1343 existimans,
926 1267 956 1330 si
980 1267 1217 1345 commisisset,
1242 1275 1278 1334 ut
1379 1289 1381 1294 ’

192 1389 307 1453 parem
320 1369 610 1453 reprehensionem
625 1368 727 1450 culpa
741 1367 838 1444 servi,
858 1372 891 1431 et
906 1367 1147 1433 animadversio
1164 1370 1279 1435 Plato·

194 1470 246 1533 nis
260 1478 446 1536 mereretur.
490 1468 570 1546 Quo
584 1469 690 1532 minus
703 1469 814 1543 miror,
829 1468 920 1551 qnod
942 1469 977 1530 in
1001 1466 1195 1533 Xenocrate
1209 1471 1277 1534 dis-

191 1570 306 1652 cipulo
319 1589 380 1633 suo
394 1577 462 1634 tam
474 1575 660 1633 constanter
679 1567 865 1631 moderatus
891 1569 963 1632 fuit.
1005 1564 1179 1647 Audierat,
1202 1591 1277 1636 eum

193 1671 236 1734 de
251 1690 289 1734 se
303 1670 406 1736 multa
420 1671 521 1752 impie
530 1667 558 1709 ⁶⁶
581 1669 750 1733 locutum:
773 1667 843 1731 sine
857 1668 929 1730 ulla
943 1669 1151 1733 cunctatione
1171 1673 1278 1740 crimi-

193 1771 356 1836 nationem
378 1771 518 1853 respuit.
562 1770 715 1834 Instabat
734 1767 861 1834 corto⁶⁷
884 1769 979 1834 vultu
1000 1769 1112 1846 index,
1140 1788 1276 1834 cansam

193 1882 367 1954 quaerens}
386 1890 446 1934 cur
461 1870 526 1935 sibi
539 1870 623 1934 fides
635 1889 702 1932 non
715 1869 909 1944 haberetur:
932 1869 1065 1952 adjecit,
1089 1873 1176 1935 ‘non
1200 1888 1275 1936 esse

194 1971 361 2047 credibile,
383 1979 423 2036 ut
433 1991 533 2054 quern
548 1976 719 2052 tantopere
728 1967 755 2008 ⁶⁸
777 1976 915 2046 amaret,
940 1970 983 2033 ab
998 1990 1039 2033 eo
1054 1971 1196 2035 invicem
1210 1989 1275 2034 non

195 2071 400 2152 diligeretur?
443 2071 627 2148 Postremo,
648 2089 724 2134 curn
739 2066 816 2133 ad⁶⁹
832 2068 1061 2152 jusjurandum
1082 2071 1274 2137 inimicitias

196 2171 333 2237 serentis
344 2181 373 2222 ⁷0
394 2172 583 2256 malignitas
599 2171 812 2253 confugisset,
826 2189 866 2234 nc
881 2170 923 2234 de
939 2169 1087 2253 perjurio
1111 2171 1183 2253 ejus
1206 2172 1275 2235 dis-

148 2359 151 2364 ·
193 2277 375 2355 putaret,‘⁷¹
389 2273 563 2339 affirmavit
583 2275 594 2307 ‘
609 2289 779 2355 nunquam
795 2270 1025 2335 Xenocratem
1040 2271 1099 2336 illa
1111 2270 1274 2339 dicturum

225 2472 237 2504 ⁹
254 2463 385 2513 Moderatio
396 2462 567 2528 Archytasait
577 2463 647 2513 nimir
657 2463 780 2523 indulgeas
786 2475 795 2518 ,⁸
811 2459 920 2510 Platonis
929 2474 983 2508 cero
993 2459 1077 2521 majori
1085 2459 1208 2509 smeitatr
1217 2465 1274 2508 tem·

191 2532 327 2652 Petalium
338 2590 491 2649 iudicaverat,
506 2589 608 2636 lauabat
618 2588 684 2636 calta
693 2588 839 2652 confidentia
868 2589 926 2636 leae.
973 2633 975 2640 ,

224 2654 371 2700 ‘Postremo
389 2666 440 2699 cam
458 2651 507 2712 tile,
526 2653 566 2712 qai
583 2650 721 2698 inimicitias
744 2653 808 2700 inter
831 2652 854 2702 P
890 2665 956 2700 orsam
977 2653 1001 2697 er
1020 2650 1178 2700 Xenocratem
1200 2662 1275 2700 serere

194 2713 516 2776 malmesmeriensis
526 2728 550 2762 re
560 2727 638 2762 rerum
648 2715 743 2764 mxime.

645 2851 819 2877 ΟΜΜΝῙΟ,

194 2950 304 3064 grabam
315 2948 401 3012 Kapp.
412 2957 438 2998 et
448 2949 621 3000 Terram—dl
638 2952 710 3004 Leid.
721 2958 745 3003 3.
761 2956 847 3005 maara
857 2954 973 3003 mam.
1007 2953 1070 3000 Mox
1080 2952 1201 3001 matrem
1211 2967 1276 3002 anus

220 3014 290 3062 rand.
301 3014 428 3076 etUltraj.
444 3017 532 3062 1.—as
550 3013 695 3064 Perizonius
714 3019 779 3080 conj.
799 3019 888 3066 Maluit
905 3033 957 3065 eam
972 3016 1187 3078 impunitum—db
1204 3016 1275 3064 Non-

193 3078 342 3127 nnllicodd.
353 3077 630 3138 Tor-ren.maitaimpia
662 3078 731 3129 Ante
741 3081 865 3130 edebttar
875 3081 990 3131 Audierat
1007 3078 1069 3126 raim
1087 3092 1138 3126 eam
1156 3077 1229 3125 multa
1247 3079 1276 3125 dc

193 3156 218 3191 se
228 3142 297 3203 impu
305 3157 315 3198 ,·
331 3141 375 3189 sed
386 3140 592 3202 conjunctionem
602 3142 701 3201 expulit
713 3143 828 3207 Pighius,
845 3143 991 3193 faventibus
1009 3140 1181 3202 compluribus
1198 3139 1276 3188 codd.

194 3220 245 3254 aaa
255 3204 369 3253 omnibus
381 3211 481 3252 tamea:
499 3218 550 3252 cam
567 3202 637 3251 dalet
648 3204 804 3268 copes—6⁷
822 3207 901 3256 Barb.
914 3212 937 3255 l.
948 3210 973 3257 2.
991 3203 1083 3266 Ultraj.
1094 3207 1118 3252 2.
1139 3203 1232 3265 Caper.
1247 3210 1276 3262 et

194 3263 267 3318 held.
277 3271 301 3317 s.
313 3283 328 3316 a
339 3283 372 3316 m.
382 3281 434 3316 sec.
447 3271 520 3316 torro.
552 3265 616 3314 Mox
646 3281 674 3316 ro
685 3270 807 3318 haberetur
817 3285 881 3320 unus
900 3270 990 3318 Rham.
1011 3274 1038 3316 et
1058 3265 1154 3314 Medic.
1167 3270 1191 3314 2.
1207 3262 1275 3314 adbi-

194 3329 359 3381 bactra-68
376 3329 498 3381 Nonnulli
518 3327 594 3378 codd.
636 3344 720 3379 orrea.
738 3338 804 3383 tarto
821 3336 962 3396 opera-cs
978 3332 1010 3380 ln
1029 3328 1179 3394 quibusdam
1200 3327 1276 3378 cadd.

195 3401 245 3457 est,
260 3411 311 3444 cum
323 3396 377 3456 jara
395 3397 443 3452 adr
461 3392 533 3442 Leia.
552 3399 577 3442 5.
594 3391 681 3454 habet,
697 3397 803 3445 camdmn
817 3400 865 3455 ιω,-
883 3398 1039 3458 (leprarum
1054 3395 1085 3441 ad
1110 3393 1215 3441 'aa-iti
1232 3392 1276 3440 lta

194 3466 265 3508 recte
275 3459 394 3510 excodd.
406 3458 521 3507 restitnit
532 3455 648 3518 Pighius,
665 3463 693 3504 et
703 3456 740 3505 sic
751 3459 828 3508 etiarn
839 3474 902 3508 anas
913 3457 1010 3507 Brund.
1028 3471 1073 3504 sex
1112 3469 1196 3505 orrea.
1217 3469 1275 3503 cum

194 3522 255 3570 Vct.
269 3528 296 3570 et
314 3523 388 3584 Mag.
420 3519 550 3570 Perizonii
567 3518 650 3568 codex
670 3524 697 3568 et
714 3515 811 3571 Medic.
830 3526 853 3572 l.
873 3523 1012 3570 inimicitior
1027 3518 1167 3569 maeatis:
1184 3517 1276 3580 reliqui

194 3597 289 3646 omnes,
304 3585 394 3633 inimici
405 3583 599 3634 currentia-71
618 3582 702 3631 Recte
712 3597 746 3631 ex
757 3585 879 3635 reddita
889 3585 1012 3649 Pighius:
1030 3584 1089 3634 edd.
1110 3586 1205 3647 prater
1215 3581 1275 3632 vet.

682 3724 787 3775 NOTAE

226 3822 241 3851 ⁸
252 3819 302 3871 An.
314 3821 353 3870 M.
362 3824 434 3869 3690.
451 3820 496 3869 01.
505 3823 559 3870 104.
569 3823 592 3869 1.
607 3817 672 3870 Urb.
684 3819 714 3870 Ο.
753 3821 820 3871 crati
829 3836 930 3871 serrum
938 3819 1092 3884 puniendam
1101 3814 1275 3865 tradiditPla·

197 3901 252 3948 889.
270 3897 332 3946 Ant.
344 3897 391 3946 Ch.
403 3899 460 3945 aas.
755 3901 791 3944 to.
823 3895 935 3943 Intranti
946 3891 1116 3954 cubiculum,‘
1128 3888 1226 3952 eade:
1236 3890 1274 3938 in-

226 3971 388 4036 ¹Speurippc]
414 3972 441 4020 ls
457 3969 572 4019 Platonis
587 3985 620 4019 ex
630 3983 716 4020 sorore
755 3969 821 4033 quit,
831 3969 838 3996 ‘
851 3968 917 4016 hanc
927 3981 1046 4030 pueram
1062 3979 1121 4014 nam
1131 3965 1196 4028 ipse,
1207 3964 1275 4028 qaod

196 4058 274 4106 nepes
295 4046 362 4107 fait;
399 4052 457 4096 octo
476 4044 549 4094 annis
566 4043 714 4095 Academia
755 4045 911 4102 intrusam,
925 4039 1030 4090 nescio?
1061 4039 1212 4090 Xenocratis
1218 4039 1274 4102 jam

197 4125 256 4181 post
270 4119 402 4172 Platonem
413 4119 530 4186 pratuli:
548 4134 599 4170 noa
617 4120 666 4184 ipsi
677 4127 715 4169 ta·
754 4116 912 4168 meminimus
922 4114 969 4165 lib.
980 4128 1013 4164 ιι.
1026 4129 1083 4178 cap.
1102 4119 1142 4163 1⁰.
1152 4127 1222 4166 naar.
1234 4118 1274 4164 lh.

198 4194 299 4254 nemsi
314 4195 417 4248 boisilo
429 4196 564 4261 credimus,
572 4195 620 4247 sed
629 4196 715 4246 Xeno·
754 4191 861 4256 Dionys.
871 4189 1039 4256 libermcap.
1050 4194 1075 4241 8.
1086 4204 1154 4241 aura.
1166 4195 1189 4240 t.
