3214 5170
495 482 586 532 ese.
603 479 642 530 x.
666 481 715 530 nn
737 480 970 532 usrssrnru.
1218 463 1284 535 sm

194 621 330 697 diceret,
341 621 536 704 'tabulaeque
556 621 629 705 ejus
651 623 695 686 eb
715 629 912 688 accusatore
927 623 1152 707 expostulatae
1167 626 1208 690 ed
1224 646 1283 691 no-

193 731 290 788 meu³
313 721 576 806 inspiciendumd
598 724 698 787 circa·
707 723 871 807 judicium
892 725 1062 802 ferrentur,
1078 729 1185 789 tetum
1205 746 1282 791 con-

193 824 320 888 silium4
335 823 377 886 ab
387 842 496 886 esrum
506 823 786 905 contemplatione
797 825 915 889 oeulos
924 826 1104 904 avertisse
1115 825 1157 890 de
1171 826 1283 910 alique

192 945 238 1002 re,
249 941 326 1008 quse
339 925 374 986 in
388 923 441 987 his
455 925 561 988 reletd
575 932 656 1004 eret,
680 923 846 990 uideretur
857 927 1040 992 dubitasse.
1084 927 1166 991 Non
1185 929 1220 991 in
1235 933 1285 993 te·

192 1025 305 1101 bulis,0
325 1023 385 1088 sed
408 1025 442 1087 in
462 1025 532 1089 vite
548 1023 593 1102 Q.
608 1024 737 1089 Metelli
760 1033 953 1107 argumente
977 1027 1103 1091 sincere
1126 1027 1286 1093 adminis-

192 1129 288 1188 trotae
303 1125 486 1208 provinciae
508 1125 648 1207 legende
669 1125 735 1189 sibi
752 1125 907 1209 judiees⁵
930 1127 1156 1193 erediderunt:
1175 1128 1285 1210 indig-

192 1246 272 1290 num
288 1229 350 1290 reti
365 1227 585 1309 integritatem
601 1227 757 1292 tentiviri
771 1228 894 1310 exigue
907 1248 993 1306 cers,
1002 1237 1035 1295 et
1046 1230 1164 1313 paucis
1177 1231 1285 1296 literis

191 1328 379 1413 perpendi.l

233 1429 267 1494 2.
290 1429 357 1494 Sed
370 1428 451 1513 quid
464 1429 595 1506 mirum,
614 1429 643 1492 si
658 1428 790 1495 debitus
812 1430 917 1494 henes
941 1451 973 1494 e,
987 1432 1118 1496 civibus
1144 1433 1285 1497 Metello

192 1531 334 1596 tributus
350 1537 414 1606 est,
428 1549 529 1612 quem
544 1529 704 1611 superiori
717 1528 876 1594 Africano
888 1531 989 1595 etiarn
1002 1533 1111 1596 hostis
1123 1542 1286 1616 proestare

192 1651 260 1697 nen
271 1631 459 1697 dubitauitl
503 1629 676 1714 Siquidem
699 1651 760 1694 rex
775 1629 965 1694 Antiochus
979 1632 1081 1709 bello,
1105 1634 1284 1714 quodcum

193 1732 359 1798 Romanis
373 1732 518 1814 gerebat,
536 1729 642 1794 filium
658 1730 742 1814 ejus,
756 1751 778 1796 o
792 1731 951 1798 militibus
966 1733 1036 1796 suis
1052 1733 1282 1816 interceptum,

193 1833 447 1899 honoratissime
460 1833 606 1915 excepit,
620 1833 786 1916 regiisque
808 1834 998 1898 muneribus
1020 1834 1179 1898 donatum
1199 1833 1285 1897 ultre

194 1942 228 1999 et
241 1935 393 1999 celeriter
407 1935 494 2017 petri
513 1929 683 1997 remisit:f
701 1953 893 2017 quanquam
917 1937 960 2000 eb
980 1954 1021 1999 ee
1046 1941 1114 1999 tum
1137 1934 1285 1999 maxime

225 2131 404 2183 ‘Arbitrantsr
413 2134 537 2194 iudignum
551 2147 599 2182 esee
619 2134 783 2197 iutegritatem
801 2134 864 2184 teeti
880 2132 928 2184 uiri
944 2134 1059 2185 osunen·
1077 2150 1109 2185 ss
1116 2149 1192 2199 purus
1203 2133 1288 2187 tubelle

193 2211 247 2248 seru
257 2198 365 2260 obductu,
376 2202 400 2247 et
407 2197 491 2260 prucis
501 2197 588 2249 literis.

654 2325 713 2345 mo
714 2325 831 2345 OOOOOO

194 2423 376 2474 umente-s
393 2419 501 2483 Pighius
519 2420 611 2485 edidit,
625 2424 779 2485 espodntetoe
796 2428 821 2473 et
838 2425 869 2472 ed
887 2438 984 2482 nomeu
1001 2436 1111 2486 eumque
1127 2428 1187 2471 sent
1205 2421 1290 2473 secuti

194 2489 302 2538 Celeres
313 2493 391 2552 etque
402 2486 481 2549 Tbys.
493 2500 582 2536 rerum
594 2491 618 2535 st
628 2487 703 2537 abest
713 2503 728 2536 e
739 2487 836 2536 Brund.
849 2492 871 2536 1.
883 2492 908 2538 2.
920 2488 1006 2535 miritis
1022 2486 1202 2536 Temenites
1217 2487 1290 2546 Meg.

193 2553 305 2616 Herbip.
316 2556 366 2602 &e
398 2551 462 2600 Mox
473 2552 537 2602 Ere.
548 2552 638 2614 Stepb.
648 2551 745 2602 Brund.
756 2557 778 2602 1.
788 2556 813 2600 2.
826 2559 853 2601 et
863 2551 952 2600 decern
960 2552 1066 2601 Terreu.
1077 2565 1135 2599 essm
1144 2550 1204 2600 Vct.
1216 2551 1288 2610 Meg.

193 2617 301 2668 Venett.
319 2622 346 2666 et
357 2615 467 2665 Mediol.
481 2615 574 2675 judiees
582 2631 592 2672 ,·
608 2615 688 2665 Berb.
700 2620 724 2666 1.
735 2616 797 2665 secu
807 2615 878 2674 iudos
895 2615 968 2665 nete.
985 2619 1009 2666 6.
1027 2619 1108 2664 eostre
1118 2614 1169 2676 jer.
1203 2613 1290 2664 Ceteri

193 2681 270 2731 cedd.
282 2695 341 2730 eum
351 2677 527 2729 diducente.
540 2678 642 2742 Gryph.
655 2679 765 2744 Herbip.
777 2683 826 2730 &e
845 2681 907 2730 leet.
918 2687 1032 2729 uestrum
1045 2682 1228 2728 testentur-i
1246 2678 1290 2729 lte

193 2745 293 2794 Brund.
314 2750 336 2793 i.
358 2747 383 2792 2.
402 2748 430 2790 et
449 2741 514 2805 pleri
533 2756 566 2790 ne
584 2743 747 2804 Torrentem,
763 2757 822 2793 cunr
832 2745 895 2794 Vet.
915 2745 988 2806 Meg.
1000 2745 1108 2793 Venett.
1120 2747 1143 2792 l.
1154 2746 1179 2792 2.
1189 2746 1214 2791 8.
1224 2745 1249 2792 t.
1265 2747 1290 2790 b.

193 2807 302 2878 Mediol.
314 2811 338 2854 1.
349 2809 374 2856 2.
384 2808 409 2854 8.
420 2808 446 2853 4.
457 2809 483 2854 5.
495 2756 594 2855 Odiver.
606 2804 686 2856 Aldd.
698 2808 796 2871 Gryplr.
810 2815 837 2857 et
851 2807 962 2869 Herbip.
977 2809 1100 2856 medium
1110 2807 1201 2870 steph.
1212 2807 1289 2870 Pige.

195 2869 371 2932 Celen'rhys.
382 2870 431 2917 tre.
464 2868 615 2932 Paulepest
626 2875 693 2918 erum
713 2885 760 2932 pre
778 2877 830 2919 erut
848 2872 874 2919 in
894 2872 986 2934 ceper.
1003 2873 1071 2920 node
1088 2871 1205 2921 Perisen.
1224 2871 1290 2932 conj.

193 2935 276 2984 reluta
290 2937 367 2995 uest,
382 2929 451 2996 qued
463 2931 587 2982 exhibent
602 2933 718 2981 nonnulli
734 2935 841 2981 Terren.
859 2934 902 2982 elii
913 2935 1022 2984 Terren.
1037 2935 1146 2983 hubent:
1164 2933 1190 2980 iu
1204 2933 1237 2982 iis
1253 2949 1291 2982 rr·

193 2999 385 3048 manat-e
405 2995 521 3043 Vetribi
534 2997 652 3044 uidelicet.
687 2996 821 3045 Mchet.
838 2997 897 3059 p‘ds',
912 2997 979 3046 Deo.
997 2999 1077 3058 pendi.
1112 2997 1212 3058 Lipsius
1231 3009 1291 3044 con-

191 3061 253 3125 jicit
261 3063 332 3126 medi
337 3076 348 3120 ,·
364 3059 516 3109 Perizonius
527 3058 630 3118 defendi.
661 3058 714 3109 Pre
728 3060 832 3123 uulgete
843 3066 911 3110 sunt
921 3075 1008 3110 omnes
1026 3059 1088 3108 Mes.
1098 3057 1290 3108 Terrenieui-

695 3168 802 3272 ueris

197 3316 253 3366 sire
260 3315 323 3366 seeii
329 3315 432 3380 judicie
444 3328 475 3366 ee
485 3319 645 3380 repeterent,
656 3313 726 3378 qued
766 3313 974 3365 continebuntur.
1002 3314 1069 3365 cern
1080 3309 1236 3362 stiem'ideur
1244 3316 1295 3372 est,

197 3405 242 3440 ees
259 3399 351 3440 contre
365 3392 412 3456 jus
427 3389 516 3456 fasque
527 3397 615 3454 reptes
635 3403 726 3454 quere-
767 3391 835 3458 qued
848 3391 944 3451 tsbule,
960 3390 1021 3455 quie
1040 3388 1101 3439 elim
1118 3385 1214 3436 ubete
1232 3399 1293 3436 ecre

196 3476 292 3520 rentur.
326 3469 391 3518 Cum
411 3469 497 3519 multe
516 3468 589 3532 leges
608 3466 727 3532 derepe·
766 3466 858 3518 obduci
869 3466 996 3516 solebant.

195 3543 283 3594 tundis
294 3545 356 3594 lutae
374 3551 450 3605 sunt;
474 3552 527 3594 tum
537 3543 650 3593 menime
661 3543 727 3593 cele·
799 3536 1226 3604 ‘Uirroeteeertterpesrtremieiq
1247 3535 1291 3586 Sic
1310 3541 1313 3552 ¹

196 3620 257 3672 bres
279 3620 384 3682 Porcio,
406 3620 574 3683 Celpherois,
593 3620 673 3671 ,lunis
700 3627 728 3670 et
766 3633 794 3668 se
813 3632 854 3667 res
865 3617 962 3667 hebuit.
995 3615 1124 3681 Scipionis
1135 3611 1252 3664 Africani
1262 3611 1291 3660 fl-

194 3697 314 3760 Servilia,
323 3712 385 3762 ques
397 3711 485 3746 omnes
495 3698 628 3762 explicere
640 3696 723 3747 intini·
766 3695 828 3761 lium
839 3694 899 3744 dum
913 3694 1112 3757 Hellespontum
1121 3697 1123 3702 '
1132 3688 1241 3752 trajicit,
1251 3688 1292 3737 vel

196 3782 251 3826 tem
263 3774 306 3823 sit.
763 3772 875 3822 hostiurn
897 3771 1021 3820 stationes
1040 3767 1188 3830 speculetur
1204 3765 1291 3814 iocen-

227 3849 384 3900 ‘summes
394 3847 575 3912 inspiciendrsrrr]
593 3846 633 3898 Ad
645 3847 724 3911 inspi·
765 3846 824 3910 tius,
838 3846 943 3895 idenirn
955 3845 1089 3895 obscurum
1103 3848 1152 3905 est,
1170 3855 1186 3888 a
1205 3837 1293 3889 militi·

195 3927 315 3978 eiendum
332 3925 457 3988 debitum,
479 3924 547 3990 qued
569 3925 721 3988 petebaturs
764 3923 810 3973 bns
826 3931 931 3986 ceptum
950 3921 1001 3970 suis
1020 3917 1162 3968 Antiochus
1182 3915 1292 3979 benigne

197 3994 722 4065 debituruenimvocubeteruemen,quod
764 3998 885 4062 excepit:
904 3997 1025 4047 contineo
1035 3997 1134 4057 tegetes
1150 3992 1182 4042 ed
1192 3991 1292 4054 Scipio·

197 4075 342 4128 debitorum
364 4077 468 4128 nemine
485 4075 580 4130 tubulis
603 4075 725 4126 inscribe·
764 4087 822 4123 nem
844 4072 924 4135 misit,
945 4079 973 4121 et
994 4071 1075 4120 filiurn
1093 4070 1117 4118 ei
1134 4070 1190 4118 sine
1207 4067 1291 4131 pretio

203 4161 300 4204 rentur.
765 4149 937 4208 redditurum,
958 4153 985 4196 et
1007 4145 1061 4196 nuri
1083 4144 1182 4209 pondes
1203 4143 1292 4207 ingens

230 4228 309 4275 ‘Nes
326 4227 352 4276 ἐπ
367 4229 465 4292 tectis]
487 4229 547 4279 Hoc
567 4231 606 4278 est
622 4224 726 4288 libellis,
765 4225 907 4290 pollicitus,
925 4223 945 4272 si
966 4237 1013 4286 per
1030 4235 1087 4270 eum
1104 4234 1195 4285 pecore
1211 4219 1291 4282 impe·

196 4301 324 4366 inquibus
337 4313 394 4355 nete
405 4307 571 4371 rationesque
587 4304 726 4370 provincius
766 4309 869 4352 trusset.
904 4299 945 4350 Ad
964 4313 994 4348 es
1009 4297 1108 4360 Scipio,
1131 4293 1230 4358 ‘Ege'
1255 4294 1292 4340 in·
