3214 5170
494 450 575 498 err.
594 449 659 500 vrr.
677 449 731 499 nn
754 451 910 500 sinuum
935 452 1010 502 sur.
1233 443 1300 507 396

211 593 328 657 ducem
345 613 456 661 eorum
470 594 529 670 ire,
543 587 603 676 qui
619 593 774 670 dicerent,
797 595 981 677 ‘populum
1000 593 1100 659 Rom.
1113 597 1204 661 bella
1227 619 1300 664 sus-

212 694 326 775 cipere
341 694 461 771 solere,
485 714 563 776 quae
578 713 642 761 suo
656 694 762 756 milite
773 713 886 774 gerere
902 699 1034 777 posset:
1058 697 1198 776 proinde
1214 700 1301 762 clas·

206 812 283 862 ‚sem
299 794 532 876 Carthaginem
544 792 780 863 reducerent’i
824 795 918 860 Idem
939 801 1018 877 post
1030 797 1174 879 -aliquot
1197 818 1301 863 annos

212 893 376 960 Cannensi
390 897 485 966 elude
500 879 671 964 eihaustis
693 895 842 960 Romani
864 896 992 978 imperii
1006 895 1146 973 viribus,
1161 900 1302 982 supple·

212 1002 361 1062 mentum
385 996 556 1068 exercitus
578 996 613 1060 in
636 995 839 1080 Hispaniam
864 997 994 1060 mittere
1018 1016 1132 1073 ausus,
1146 998 1235 1074 fecit,
1261 1020 1303 1066 ne

211 1094 379 1164 hostilium
393 1097 489 1173 locus
501 1105 698 1174 castrorum,
725 1106 795 1162 tum
810 1097 955 1170 maxime
976 1086 1144 1178 Capenam
1171 1107 1303 1182 portam

201 1197 313 1263 armis
328 1197 519 1288 Hannibale
533 1188 699 1283 pulsante,
709 1199 846 1288 minoris
860 1199 1014 1275 veniret,v
1036 1200 1181 1282 quamsi
1205 1200 1305 1266 Poeni

211 1295 306 1364 illum
319 1291 622 1378 nunsubtr'nerents
662 1299 720 1364 Ita
744 1319 781 1363 se
807 1317 917 1382 gerere
940 1299 975 1361 in
997 1300 1144 1366 adversis
1169 1299 1306 1364 rebus4⁶

213 1399 294 1480 quid
307 1400 399 1464 aliud
415 1406 476 1476 est,
502 1419 603 1481 quam
631 1399 822 1464 saevientem
848 1400 1025 1478 fortunam,
1047 1402 1083 1468 in
1107 1402 1306 1486 udJutorium

121 1553 127 1566 .
213 1499 280 1576 sui,
297 1501 425 1583 pudore
439 1501 563 1564 victam
576 1501 794 1564 converteret
807 1492 822 1522 '

256 1600 310 1664 11.
333 1600 459 1681 Magno
476 1601 588 1683 spatio
603 1600 732 1666 divisus
747 1607 799 1666 est
821 1619 843 1663 a
867 1606 985 1664 senatu
999 1602 1042 1664 ad
1056 1602 1191 1685 poetam
1206 1601 1307 1668 Acci-

213 1708 299 1762 umw
319 1703 509 1767 nansitnsr
550 1699 703 1767 Ceterum
718 1706 756 1768 ut
770 1703 814 1765 ab
837 1720 878 1767 eo
902 1701 1077 1768 decentius
1094 1703 1144 1766 ‘ad
1168 1710 1307 1770 externa

201 1806 437 1881 transeamus,
462 1800 665 1885 producatur
693 1802 729 1868 in
758 1800 916 1868 medium.
959 1801 997 1870 Is
1024 1802 1047 1867 J
1050 1802 1118 1870 ulio
1142 1801 1269 1869 Caesari
1279 1811 1306 1852 4⁷

210 1902 425 1985 amplissimo
437 1911 473 1970 et
486 1905 725 1970 florentissimo
743 1906 814 1972 viro
826 1905 862 1969 in
876 1904 1052 1986 collegium
1064 1905 1238 1988 poetarum
1252 1923 1308 1968 ve-

215 2003 318 2066 nienti
333 2024 503 2088 nunquam
518 2006 721 2070 assurrexit:
743 2005 1008 2088 nonmajestatis
1031 2004 1102 2088 ejus
1123 2005 1307 2081 immemor,

217 2101 275 2166 sed
289 2105 384 2187 quod
396 2107 432 2170 in
446 2106 697 2188 comparatione
712 2107 938 2172 communium
960 2106 1143 2172 studiorum
1157 2105 1309 2187 aliqnan-

218 2208 255 2265 to
272 2205 479 2287 superiorem
493 2225 531 2271 se
545 2225 620 2271 esse
647 2205 837 2274 confideret.
882 2204 1096 2292 Quapropter
1120 2205 1308 2272 insolentiae

218 2304 491 2372 eriminecuruit:
514 2308 595 2391 quia
610 2307 658 2372 ibi
673 2308 890 2388 voluminum,
913 2327 980 2376 non
1002 2308 1181 2392 imaginum
1205 2311 1310 2374 certu-

115 2439 117 2444 *
218 2404 308 2468 mina
320 2410 572 2473 exercebantur.

247 2613 264 2658 Ι
279 2617 356 2680 Ferit,
373 2623 400 2666 ut
410 2621 482 2680 bour,
497 2620 523 2668 ir
532 2635 576 2684 prro
587 2621 665 2674 144444
676 2628 755 2674 errtru
765 2627 901 2687 purorum,
917 2636 962 2670 rou
972 2619 1059 2672 minori
1070 2617 1149 2682 pretio
1164 2615 1311 2676 4444444147,

219 2692 287 2754 quum
298 2682 319 2727 rr’
329 2695 344 2727 a
355 2683 437 2730 Poerrir
445 2685 585 2744 nascerer
595 2692 732 2750 usurpatur:
751 2690 809 2738 dum
819 2686 943 2738 Hannibal
957 2700 1003 2734 rmrr
1018 2685 1100 2747 merul
1114 2683 1195 2732 ubmut
1212 2695 1228 2729 4
1243 2684 1313 2743 ΝΜ

220 2756 266 2845 qm:
277 2745 475 2870 'garamma
485 2812 583 2862 mutum
590 2817 712 2866 emerui
722 2813 786 2866 iuter
796 2814 920 2875 Surena,
929 2811 964 2862 de
976 2825 1027 2875 qno
1036 2808 1115 2862 modo
1126 2808 1206 2863 locuti
1217 2820 1314 2869 sumus,

221 2869 245 2914 et
256 2866 355 2920 Accium
367 2871 476 2937 Poitcm,
493 2875 527 2925 de
538 2891 589 2944 quo
599 2891 668 2940 mox,
675 2877 800 2930 dicemus.

678 3030 707 3050 Ν
709 3029 857 3055 θθθθθθθ

222 3151 288 3198 -lo
304 3147 396 3211 Copae.
415 3162 467 3198 non
483 3147 563 3198 babet
573 3161 670 3200 ,vocem
686 3147 765 3212 rebus,
781 3144 948 3211 probantibus
964 3145 1083 3196 Perimn.
1103 3149 1131 3193 et
1145 3145 1314 3194 Terrena-47

716 3316 826 3369 NOTAE

256 3451 269 3504 l
280 3446 331 3496 An.
339 3446 378 3498 M.
389 3452 462 3499 8776.
479 3448 523 3502 01.
533 3453 591 3502 lat.
601 3452 626 3502 8.
641 3448 708 3500 Urh.
720 3450 750 3502 C.
822 3449 838 3478 ⁶
849 3445 900 3500 An.
914 3447 953 3496 M.
962 3447 1036 3496 3843.
1055 3440 1163 3493 olm.
1174 3443 1199 3490 2.
1216 3436 1318 3489 Urbe.

225 3524 282 3571 475.
301 3520 363 3572 Ant.
376 3525 490 3576 014177.
791 3528 848 3575 641.
864 3523 927 3574 Ant.
938 3520 986 3572 cb.
998 3524 1056 3570 110.

256 3602 268 3626 '
279 3596 384 3648 Minoris
394 3600 497 3664 ueniret]
519 3599 551 3651 ld
574 3599 643 3652 odeo
662 3613 752 3663 snper·
823 3607 840 3632 '
851 3597 961 3660 Arrium]
987 3596 1052 3647 Cum
1070 3591 1168 3644 Accius
1185 3589 1270 3642 Poita
1289 3595 1320 3639 et

206 3705 209 3710 -
225 3671 284 3722 brun
300 3680 379 3739 utque
400 3677 532 3740 indignum
547 3679 629 3730 risum
653 3677 752 3728 Hanni·
792 3675 823 3726 C.
835 3667 1319 3730 1411440444441444414414444444-

225 3745 289 3810 bati,
312 3754 369 3811 ejus
392 3750 449 3813 soli,
469 3750 537 3816 quod
557 3751 627 3802 bello
647 3758 753 3815 ceptum
793 3752 846 3802 rint
862 3747 1030 3814 temporibus,
1059 3745 1124 3794 aliur
1146 3748 1197 3805 ert,
1219 3741 1260 3789 vel
1278 3739 1320 3790 hie

226 3821 381 3886 possideret,
387 3823 517 3876 inventum
523 3828 612 3878 Roma
618 3833 752 3890 errrorem,
793 3826 890 3876 Accius
899 3840 916 3874 a
926 3823 1021 3884 Podtn,
1032 3820 1072 3870 vel
1082 3818 1125 3867 bie
1134 3819 1223 3867 Caesrr
1234 3815 1321 3864 41114-

226 3903 256 3947 ut
266 3901 399 3962 externplo
412 3906 508 3950 vocato
527 3901 655 3952 Proeeone
665 3903 754 3953 taber·
794 3907 894 3951 latore:
912 3905 989 3948 natur
1007 3894 1074 3946 enim
1092 3892 1186 3944 Accius
1202 3898 1243 3940 est
1253 3903 1321 3940 enno

227 3986 272 4024 nar
294 3975 464 4038 argentarias,
490 3990 547 4040 qua
575 3976 644 4026 circa
669 3976 754 4027 iorum
793 3976 873 4026 Urbis
892 3977 949 4025 588.
968 3986 1001 4022 ex
1020 3968 1142 4031 Eusebio,
1160 3966 1322 4052 Mancinoet

228 4047 370 4100 Romanum
393 4057 455 4100 tunc
475 4059 571 4114 errent,
581 4051 691 4115 jusserit
713 4066 755 4100 ve·
793 4048 905 4098 Serrano
923 4047 994 4097 corr.
1028 4042 1143 4094 Pacuvio
1163 4041 1266 4107 quidem
1280 4053 1322 4103 Ju-

228 4122 303 4176 nire:
320 4134 357 4192 at,
367 4128 411 4194 qui
423 4142 467 4179 ear
479 4126 698 4191 emerer,inrenit
711 4141 756 4178 ne·
794 4121 869 4184 nior;
887 4123 990 4173 Caesare
1009 4131 1071 4168 vero
1089 4116 1228 4167 Dictatore
1242 4115 1322 4164 multo

232 4197 334 4252 minem.
795 4200 889 4250 senior.
