3432 5236
376 389 439 458 lou
768 405 816 455 nu
840 407 1082 461 uousuonurs

330 600 338 610 ,
376 553 435 603 silio
446 550 587 602 instituisse
598 546 689 612 fertur,
703 554 733 600 nt
742 564 800 600 cum
811 551 901 614 begali
941 557 1071 616 gererent,
1084 554 1127 617 jus
1142 566 1217 603 omne
1226 554 1349 621 triumphi
1360 557 1409 624 ipsi
1421 555 1467 610 tri·

376 623 901 692 ipsias,tumnonrluetumauspiciis,rem
941 627 1073 692 bueretur,
1088 635 1214 692 pretereo
1224 631 1328 682 nemini.

718 812 783 878 DE
805 808 1134 876 IMPERATORE.

409 962 536 1012 Tureuex
549 964 616 1026 apud
630 963 758 1014 Romanos
773 963 847 1027 hujus
858 976 901 1013 ro·
941 976 974 1012 ex
993 954 1064 1011 Urbe
1084 959 1274 1026 egrediebatur.
1312 961 1376 1011 Cum
1395 959 1468 1025 nibil,

377 1037 415 1088 cis
426 1038 545 1100 acceptio
557 1037 622 1100 fuit;
638 1052 698 1100 una,
713 1053 763 1103 qua
774 1040 795 1088 ls
806 1039 901 1089 intelli·
940 1044 985 1089 eut
996 1033 1064 1088 domi
1078 1044 1122 1086 aut
1132 1037 1241 1098 miuus,
1252 1037 1410 1100 inauspicato
1422 1038 1466 1088 fie-

376 1113 453 1176 gitur,
461 1115 501 1162 cui
508 1113 648 1174 jusdatum
661 1113 771 1177 propriis
780 1114 900 1176 auspiciis
941 1118 992 1174 iet,
1016 1111 1130 1176 auspicia
1149 1111 1175 1161 iu
1194 1111 1313 1160 exercitu
1329 1111 1403 1160 unius
1427 1109 1467 1160 fu·

373 1177 437 1235 'beiti
449 1187 567 1248 gerendi:
584 1189 675 1250 ultera,
686 1203 737 1252 qua
747 1190 805 1252 quis
816 1187 900 1253 profli-
941 1193 1018 1238 ¹urunt
1028 1187 1210 1251 Imperatoris3
1221 1201 1302 1250 quare
1312 1186 1357 1236 alii
1368 1186 1467 1249 alicnis,

375 1263 442 1324 gatis
453 1276 545 1324 magno
557 1263 646 1326 praelio
659 1263 775 1312 hostibus
786 1264 900 1326 Impera·
940 1263 984 1312 ille
994 1263 1045 1311 suis
1056 1263 1175 1326 auspiciis
1186 1276 1303 1326 pugnare
1321 1263 1466 1313 dicebatur.

375 1335 576 1387 toramiiltibus
595 1340 783 1402 appellabatur.
814 1339 901 1389 Tertia
940 1337 1017 1387 Unda
1037 1352 1086 1387 nec
1107 1337 1276 1401 Imperatoris
1294 1353 1396 1401 nomen,
1419 1351 1466 1388 nec

375 1410 502 1475 Augustis
510 1421 537 1464 et
545 1401 690 1464 Caesaribus
701 1416 846 1478 singularii,
856 1430 900 1479 pe·
940 1412 1104 1476 supplicatio,
1121 1427 1169 1461 nec
1182 1412 1334 1476 triumphus,
1345 1420 1390 1462 erit
1399 1414 1468 1476 legu-

375 1497 422 1536 nes
441 1495 504 1551 quos
525 1497 615 1538 eversa
634 1490 778 1554 Republica
797 1490 900 1554 imperii
940 1495 968 1537 to
984 1496 1029 1538 aut
1038 1489 1159 1552 questuri
1182 1489 1283 1538 delatus
1294 1479 1465 1555 unquum‘est.

375 1575 472 1612 summu
483 1563 550 1614 fuit:
567 1564 613 1615 sed
633 1565 689 1615 baec
707 1565 770 1614 nibil
789 1567 821 1615 ad
836 1577 899 1618 nost
939 1564 1001 1614 Duo
1016 1578 1076 1613 vero
1094 1564 1264 1628 auspiciorum
1282 1579 1376 1628 genere
1395 1566 1465 1616 adbl-

371 1634 408 1684 ue
418 1639 473 1686 aliis
484 1638 604 1690 breuiter.
626 1639 669 1689 llll
680 1645 780 1690 tantum
790 1644 900 1707 propriis
940 1637 1124 1701 berimosfnit,
1134 1652 1210 1706 nuum
1221 1647 1349 1705 coactum,
1358 1642 1405 1692 buc
1416 1649 1465 1704 est,

374 1714 496 1778 auspiciis
507 1716 601 1764 bellum
613 1725 702 1779 gerere
713 1709 753 1767 fas
770 1726 836 1780 erat,
856 1718 900 1784 qui
941 1713 1090 1776 tripudium,
1111 1714 1221 1764 alterum
1244 1730 1277 1765 ex
1298 1716 1465 1766 acuminibus.

374 1788 899 1858 aurConsulesset„aut1>raeror,aut1iic·
940 1787 1005 1836 eum
1016 1803 1078 1838 vero
1088 1803 1182 1852 magno
1196 1791 1295 1853 prelio,
1311 1791 1352 1839 vel
1368 1805 1415 1855 per
1427 1807 1465 1855 re,

373 1869 454 1925 tator,
466 1867 899 1935 autProconsul,antPropraetor;
941 1863 981 1912 vel
996 1879 1042 1928 per
1057 1865 1166 1930 legatos,
1182 1866 1270 1917 hostes
1286 1867 1400 1931 uicisset,
1410 1875 1464 1918 tum

373 1941 424 2001 cui,
438 1942 459 1990 si
477 1948 530 1991 tum
549 1950 607 1993 erat
624 1944 802 2009 Magistratus,
820 1948 899 2010 impe.
940 1937 1108 2002 Imperatoris
1125 1955 1218 1991 nomen
1234 1943 1342 2004 primum
1354 1945 1468 1996 amiliti·

373 2017 439 2064 rium
461 2015 628 2066 deferebatur
648 2019 706 2083 legs
727 2019 852 2082 Curiata;
878 2022 900 2070 si
940 2013 996 2075 bus,
1007 2015 1101 2067 deinde
1111 2019 1232 2068 aSenatu
1243 2020 1279 2068 illi
1290 2021 1345 2069 dari
1355 2021 1465 2086 solebat,

373 2092 499 2156 privatus,
513 2091 663 2142 Plebiscito.
696 2094 749 2143 Ubi
766 2096 900 2161 imperium
940 2099 1038 2144 stante
1049 2095 1160 2146 reditum
1175 2095 1282 2146 decerni
1301 2099 1466 2162 supplicatio,

371 2168 475 2228 inierat,
490 2171 613 2219 continno
634 2170 661 2218 in
683 2170 812 2234 Capitolio
832 2173 900 2222 votis
940 2174 968 2217 et
977 2170 1109 2235 aliquanto
1121 2178 1188 2234 post,
1199 2173 1220 2222 si
1231 2173 1321 2236 ingens
1331 2182 1402 2225 esset
1413 2176 1465 2225 rice

372 2246 528 2308 nuncupatis
551 2245 673 2310 laetoque
693 2248 819 2298 sacrificio
840 2264 899 2298 cum
938 2247 1013 2308 toria,
1026 2249 1178 2310 triumphus.

370 2320 899 2387 paludatislicturibus,paludatusetipse,

497 2509 502 2530 =
574 2501 689 2586 oum
711 2498 846 2568 resur
869 2498 1041 2571 nouus
1057 2467 1258 2574 ‘aunum
1301 2599 1305 2604 ¹

403 2649 468 2700 Nou
480 2650 526 2699 abs
537 2664 565 2700 re
577 2648 665 2711 luerit,
680 2648 702 2700 si
719 2650 767 2699 boc
784 2649 812 2698 in
829 2649 895 2712 loco,
935 2651 1079 2716 legionibus
1090 2658 1267 2721 prepositum,
1276 2664 1321 2710 out
1329 2659 1463 2714 subductis

371 2732 423 2786 qno
434 2724 655 2774 ordineaclemad
665 2739 775 2788 pugnam
785 2726 896 2798 iustius:
936 2728 1014 2778 sociis
1036 2731 1151 2794 legiones
1171 2735 1330 2797 praemissu:
1357 2734 1463 2788 fuerunt

371 2798 441 2846 erint
456 2799 573 2860 Romani,
589 2800 678 2862 paucis
697 2799 894 2864 descripserim:
936 2805 1015 2856 etiam
1032 2807 1090 2857 aliae
1108 2806 1208 2871 former,
1222 2811 1463 2866 consuescere

370 2873 397 2922 id
409 2874 476 2922 euim
486 2888 644 2938 cognoscere
656 2875 734 2925 babet
744 2883 772 2926 et
782 2877 896 2941 volupos-
936 2883 1033 2932 turneb
1041 2885 1097 2934 aliis
1108 2884 1221 2936 inductae
1232 2886 1354 2940 ducibus:
1366 2890 1412 2939 sed
1424 2907 1463 2942 sa·

370 2949 404 2998 iis
413 2949 537 3011 nonnihil,
546 2957 574 2999 et
582 2950 660 3000 etlam
669 2950 801 3002 utilitatis.
818 2951 896 3015 Apud
937 2957 970 3008 tis
981 2960 1032 3008 erit
1041 2959 1108 3010 aciei
1117 2962 1240 3025 vulgatae,
1258 2978 1333 3028 quarn
1350 2967 1464 3018 tradide-

370 3023 503 3075 Romanos
511 3027 590 3089 acies,
607 3035 651 3076 aut
662 3027 758 3092 duplex
768 3025 824 3076 iere
835 3025 896 3092 fuit,
937 3042 999 3086 runt
1008 3036 1132 3101 Polybius
1143 3045 1171 3088 et
1182 3039 1395 3104 Livius,formsm
1406 3043 1464 3094 bre.

371 3108 416 3151 aut
427 3102 537 3164 triplex:
556 3103 661 3167 duplex,
679 3118 739 3154 cum
757 3110 813 3153 tota
827 3104 897 3154 acies
937 3112 1004 3162 riter
1015 3115 1156 3177 explicare,
1173 3122 1201 3165 ut
1212 3116 1244 3167 de
1255 3119 1349 3170 ceteris
1361 3120 1464 3184 conjee.

368 3174 396 3226 iu
408 3176 459 3226 duo
469 3191 565 3236 cornua¹
575 3179 666 3240 divisa,
681 3178 801 3228 dextrum
818 3188 846 3226 er
863 3178 896 3226 si·
937 3188 1060 3239 tumfieri
1070 3193 1159 3254 poem.

368 3251 493 3312 nistrum:
512 3253 616 3317 triplex,
626 3268 684 3303 cum
695 3253 763 3302 inter
777 3252 828 3300 duo
839 3261 896 3302 cor·
968 3259 1095 3327 Exemplo
1112 3263 1185 3315 nobis
1203 3269 1238 3317 sit
1255 3252 1385 3321 exereitus
1402 3283 1463 3339 qua.

369 3339 422 3374 nua
442 3327 521 3377 tertie
543 3327 610 3377 acies
631 3326 717 3375 medin
736 3324 805 3385 fult3
827 3327 896 3390 quod
935 3339 1152 3404 tuorlegionum
1168 3356 1274 3404 quarum
1288 3344 1348 3396 duae
1369 3348 1462 3400 Roma.

370 3411 522 3467 usurpatum
533 3417 613 3467 saepe,
635 3400 828 3464 cum,autdnae
841 3410 897 3451 tan·
934 3403 1025 3463 iturum
1047 3415 1108 3475 sint,
1126 3415 1233 3466 totidem
1253 3421 1400 3474 sociorum:
1424 3423 1462 3475 sic

369 3486 424 3529 tum
436 3487 530 3545 essent,
543 3487 588 3531 aut
598 3482 685 3544 plures
696 3480 827 3544 legiones;
842 3483 896 3529 tum
931 3483 1061 3539 ¹instrum
1072 3490 1140 3540 acies
1151 3501 1208 3544 est:
1227 3496 1353 3558 Legiones
1371 3489 1463 3552 Roma.

369 3555 439 3606 enim
455 3558 564 3608 Romani
581 3557 608 3606 in
625 3555 711 3607 medio
728 3556 816 3620 positi,
832 3557 896 3606 socii
934 3577 975 3614 uas
987 3565 1013 3614 iu
1025 3565 1110 3616 medio
1129 3567 1277 3634 collocatus,
1293 3583 1322 3624 et
1340 3591 1397 3641 quae
1416 3582 1461 3627 aut

370 3631 649 3702 adutrumquecoruu.
679 3630 837 3698 aruspicis
848 3633 895 3682 irl-
934 3640 1032 3692 virtute
1059 3642 1183 3694 illustrior
1210 3654 1276 3708 erut,
1300 3657 1346 3698 aut
1371 3649 1461 3700 ordine

367 3706 475 3772 plicisre
485 3708 552 3758 aciei
563 3708 614 3758 alia
624 3707 690 3757 ratio
700 3709 749 3770 esi,
760 3718 819 3758 enm
829 3721 895 3772 prae·
934 3716 1014 3780 prior,
1029 3717 1062 3768 ad
1080 3717 1233 3770 dexteram:
1257 3723 1314 3772 duas
1333 3721 1460 3774 sociorum

368 3787 411 3832 ter
421 3781 560 3848 simplicem
574 3784 643 3834 iliam
653 3781 805 3834 divisionem
816 3798 832 3833 a
843 3791 895 3836 ter·
934 3790 1110 3860 lucoruibnu3
1127 3810 1178 3846 una
1190 3798 1216 3848 in
1228 3798 1329 3861 dextro,
1344 3800 1371 3848 in
1388 3798 1460 3850 siuis-

369 3873 402 3921 go
414 3859 491 3910 etiam
503 3861 582 3911 sectio
599 3859 644 3921 fit;
663 3863 700 3924 ut,
720 3860 743 3909 sl
760 3860 816 3924 quis
833 3873 894 3926 qua·
935 3876 976 3918 tro
983 3860 1220 3939 alteraeequiteuin
1229 3882 1326 3924 turmas
1335 3875 1461 3941 descripti

369 3939 428 3983 tuor
439 3935 533 3986 babeat
547 3936 672 3999 legiones,
689 3935 753 3985 duas
771 3936 798 3986 in
808 3935 896 3987 fronte
935 3946 967 3994 ad
979 3945 1063 3998 latere
1074 3949 1110 3999 ita
1122 3950 1250 4014 dispositi,
1265 3957 1295 3999 ut
1305 3952 1367 4001 socii
1378 3966 1460 4004 cornu

369 4022 427 4056 cnm
438 4011 514 4060 sociis
528 4012 647 4075 collocet,
665 4011 774 4061 totidem
785 4027 801 4060 a
812 4019 895 4076 tergo,
935 4019 1063 4071 sinistrum
1073 4030 1200 4087 tegerent,
1209 4024 1328 4072 dextrum
1338 4025 1445 4077 Romani

369 4084 477 4134 velutin
494 4087 623 4149 subsidiis,
641 4095 768 4153 seponat:
784 4088 853 4139 idem
868 4089 894 4138 iu
935 4095 1034 4160 quibus,
1054 4099 1121 4162 qnod
1134 4099 1268 4161 periciores
1279 4102 1354 4151 sociis
1365 4112 1460 4170 essent,

368 4156 467 4206 duobus
478 4161 556 4208 etiam
571 4161 669 4212 factum
686 4169 744 4224 ost;
760 4178 828 4226 cum,
849 4171 894 4215 aut
934 4170 1130 4220 extraordinarii
1145 4172 1178 4221 ad
1189 4170 1324 4226 dexteram
1334 4179 1458 4242 adjuncti.

368 4248 448 4287 cornu
466 4240 601 4301 utrumque
613 4240 741 4291 sociorum
753 4239 893 4304 subiunctis
967 4245 1088 4309 Legionis
1100 4261 1160 4299 vero
1171 4248 1277 4314 singulm
1289 4252 1383 4317 triplos
1395 4255 1457 4306 ordo
