3266 5174
343 427 410 495 270
647 441 804 491 vuusau
830 443 978 491 uuxrur
1003 445 1075 492 nra.
1100 445 1140 495 rr.

794 730 897 797 ΟΑΡ.
917 719 985 797 VI.

566 933 631 999 DE
653 930 901 998 EXTERNIS
926 933 980 998 IN
984 933 1211 1002 STITUTIS.

360 1105 374 1153 1
390 1102 577 1162 Spartanorum
587 1097 734 1162 frugalitas.
974 1100 1000 1148 in
1011 1100 1137 1150 adeundis
1149 1101 1251 1163 praeliis.

359 1173 376 1218 9
392 1168 451 1216 Mos
462 1165 578 1212 militaris
590 1163 741 1212 eorundem.
910 1168 942 1213 tu
957 1163 1086 1212 Thracum
1104 1166 1190 1228 opinio
1201 1166 1235 1214 de
1254 1164 1315 1214 vita
1334 1167 1437 1216 calami·

360 1236 375 1280 8
392 1228 585 1279 Atheniensium
607 1228 752 1276 institutum
779 1231 869 1276 contra
975 1234 1037 1277 tate.

407 1293 503 1342 otiosos
513 1299 541 1340 et
550 1293 655 1342 inertes.
911 1296 942 1340 tt
960 1291 1096 1354 Lyciorum
1109 1291 1200 1350 luctus.

357 1356 542 1419 tAreopagus
553 1355 702 1405 eorundem.
910 1359 942 1403 14
958 1354 1081 1404 ludarum
1103 1353 1263 1405 foeminarum
1283 1356 1349 1406 fidus
1367 1372 1438 1406 amor

358 1428 373 1470 ὅ
391 1421 481 1470 Honos
492 1419 595 1469 virtutis
607 1420 675 1482 apud
687 1418 800 1468 eosdem.
974 1433 1037 1481 erga
1048 1419 1162 1470 maritos.

358 1490 375 1535 o
391 1483 477 1533 Animi
489 1485 584 1548 ingrati
592 1485 660 1532 actio
672 1482 741 1546 apud
754 1482 868 1532 eusdem.
904 1486 942 1531 '15
959 1481 1116 1532 Punicarum
1134 1483 1296 1534 foeminarum
1313 1485 1437 1547 prostitu-

358 1554 374 1598 'l
391 1548 591 1597 Massiliensium
600 1548 720 1596 instituta
730 1546 810 1595 varia.
975 1547 1021 1597 tio.

346 1617 375 1662 Δ8
392 1613 510 1663 Celerum
523 1625 649 1662 venenum
661 1610 804 1674 prrblicum.
912 1614 943 1660 16
960 1611 1099 1660 Persarum
1114 1611 1261 1662 institutum
1279 1613 1304 1661 in
1324 1613 1438 1663 educan-

358 1682 375 1726 9
391 1676 590 1726 Massiliensium
606 1677 648 1724 lex
666 1675 699 1725 de
714 1674 821 1724 advenis
832 1688 871 1723 ar·
976 1675 1016 1723 dis
1027 1675 1124 1724 liberis.

407 1741 492 1790 matis.
913 1742 943 1786 17
961 1738 1132 1787 Numidarum
1144 1752 1234 1802 regum
1245 1741 1336 1790 mosin
1348 1746 1439 1790 aucto·

344 1808 376 1855 1ο
392 1805 525 1854 Gallorum
536 1818 592 1852 mos
602 1804 628 1852 in
638 1807 727 1852 mutuo
736 1801 831 1851 dando.
976 1805 1056 1854 ritate
1067 1803 1202 1853 servanda.

345 1873 375 1919 11
394 1868 554 1918 Cimbrorum
565 1867 806 1930 Celtiberorumque
816 1879 870 1914 mos

385 2014 417 2079 lu
441 2013 541 2078 Inuus
559 2015 683 2078 sensit¹
706 2012 863 2094 proximu
885 2010 1046 2095 majorum
1065 2020 1254 2078 nostrorum
1279 2013 1438 2094 gravitati

344 2117 509 2199 Spartana
520 2115 641 2180 civitas
653 2126 683 2179 ε·
693 2121 707 2149 ·
720 2132 808 2196 quae,
824 2113 1045 2177 severissimis
1057 2112 1199 2196 Lycurgi
1213 2113 1364 2195 legibusb
1379 2115 1439 2177 ob-

343 2225 545 2297 temperans,
562 2215 789 2298 aliquamdiu⁰
811 2216 933 2279 civium
954 2234 1090 2277 suorum
1107 2215 1226 2278 oculos
1251 2233 1272 2276 a
1295 2223 1438 2279 oontem-

343 2315 467 2400 planda
481 2314 568 2381 Asia
579 2318 738 2393 retraxit3
761 2334 802 2376 ne
817 2314 982 2376 illecebris
997 2315 1070 2394 ejus
1086 2314 1189 2394 capti,
1208 2312 1251 2376 ad
1267 2315 1438 2378 delicatius

343 2418 448 2482 vitoo²
470 2437 575 2498 genus
600 2417 858 2499 prolaberentur.
903 2410 1093 2472 Audierant
1120 2411 1219 2485 onim,
1249 2411 1436 2477 lautitiam³

342 2518 430 2594 inde,
445 2524 480 2580 et
493 2515 691 2577 immodicos
711 2513 852 2584 sumtus,
872 2513 907 2572 et
922 2510 1036 2572 omnio
1050 2511 1359 2573 nonnecessariae⁴
1380 2533 1437 2576 vo-

343 2617 483 2701 luptatis
497 2631 629 2697 genera,
644 2611 802 2675 fluxisse:
825 2610 1019 2693 primosque
1034 2610 1161 2675 Ionasd
1182 2612 1357 2691 unguenti,
1379 2631 1437 2675 co-

269 2843 272 2852 '
357 2823 551 2959 't‘lgleuds‘emil
563 2843 703 2908 Respublica
714 2843 902 2908 Spartiatarum,
910 2859 963 2905 quoe
976 2845 1108 2907 vacuatis
1122 2844 1199 2894 studio
1210 2842 1336 2906 murrum
1349 2845 1438 2894 scuris

341 2922 386 2956 sum
436 2923 460 2958 ou
500 2924 538 2959 ur.

797 3003 973 3024 mm

344 3141 347 3147 .
375 3102 474 3150 Iidem
484 3102 557 3151 amtit
567 3102 628 3150 vat.
641 3105 664 3150 1.
692 3100 813 3163 Spurinna
825 3101 913 3149 delent
924 3101 975 3149 diro
987 3101 1076 3150 Rhem.
1103 3100 1204 3150 Deinde
1214 3101 1436 3152 uuerimimivoss.

341 3165 701 3230 soereuissimicopes.Ultraj.
712 3170 736 3214 1.
772 3165 827 3232 Pro¹
844 3166 989 3227 aliquamdiu
1000 3167 1095 3228 Copes.
1112 3167 1282 3228 quamdiu-2
1299 3167 1390 3228 Copes.
1409 3174 1435 3215 et

343 3229 438 3292 Ultruj.
450 3234 472 3279 l.
490 3230 628 3279 delectatius
638 3230 750 3278 sitm-ll
768 3229 831 3278 Vat.
842 3231 865 3278 1.
875 3229 973 3279 Medic.
986 3234 1008 3278 1.
1019 3234 1044 3278 2.
1058 3234 1082 3279 3.
1094 3234 1118 3278 4.
1137 3230 1210 3279 Leid.
1223 3235 1247 3279 7.
1267 3231 1363 3293 Ultraj.
1374 3235 1397 3280 l.
1409 3234 1433 3278 2.

342 3299 370 3342 et
380 3294 440 3343 Vct.
451 3293 579 3351 latidum
596 3294 668 3342 Leid.
679 3297 703 3341 c.
715 3292 852 3341 leticia-4
869 3292 911 3340 Ita
921 3293 1028 3355 Pighius
1038 3308 1069 3340 ex
1082 3299 1134 3343 set.
1146 3294 1204 3342 cod.
1225 3300 1252 3342 et
1266 3293 1305 3342 sic
1321 3295 1347 3342 in
1357 3293 1435 3342 omni·

342 3357 391 3406 bus
401 3356 459 3407 fere
469 3357 547 3407 codd.
563 3372 610 3406 uua
629 3357 759 3407 necessario
778 3356 876 3404 habent
894 3357 974 3407 Buris.
985 3361 1010 3408 2,
1022 3353 1130 3406 Veneti.
1143 3357 1252 3407 Medici.
1264 3355 1326 3408 Ald.
1337 3361 1433 3408 δια-6

765 3523 771 3544 ,
835 3483 941 3534 NOTAE

373 3589 386 3616 ⁸
401 3581 521 3646 Sounoua
541 3577 636 3641 medus]
660 3577 780 3642 Spartani
803 3576 868 3627 adeo
908 3585 957 3640 set,
969 3586 995 3629 et
1007 3578 1076 3629 irrata
1087 3595 1144 3646 qnae
1155 3582 1250 3633 callide
1261 3582 1365 3646 fierent,
1375 3597 1434 3646 pro·

340 3659 502 3721 voluptatum
513 3661 685 3704 contemtores
695 3652 808 3715 fuerunt,
825 3669 867 3718 pa·
908 3655 1041 3708 barentur.

341 3735 489 3797 tientesque
509 3729 615 3791 laboris,
631 3735 660 3778 ut
678 3742 764 3776 eorum
788 3730 868 3778 eliam
940 3731 1129 3798 eAliuuumdiu]
1146 3737 1199 3785 Soli
1211 3742 1266 3786 toto
1278 3734 1340 3784 orbe
1352 3738 1434 3779 terra-

340 3808 482 3872 virginibus
503 3806 635 3870 palaestra,
652 3802 746 3866 peritis,
764 3803 867 3868 militia,
908 3819 963 3853 rum
976 3809 1254 3872 septingentesimum,
1270 3813 1297 3856 et
1312 3805 1431 3867 amplius,

340 3883 445 3932 venatio
455 3884 481 3930 in
494 3880 587 3931 studiis
598 3877 686 3928 fuerit.
907 3883 959 3930 suis
970 3884 1091 3946 moribus,
1107 3893 1134 3935 ct
1144 3897 1271 3949 nunquam
1282 3879 1387 3928 muratis
1398 3882 1433 3929 le·

371 3958 505 4024 btycurgt
526 3956 628 4020 legibus]
645 3957 715 4010 Quas
734 3961 821 4007 tamen
839 3964 867 4007 et
908 3957 981 4020 gibus
993 3960 1121 4010 vixerunt.
1154 3961 1245 4008 Cicero
1256 3968 1302 4017 pro
1314 3955 1415 4004 Flacco.

340 4043 420 4083 recta
434 4035 538 4094 rationi,
553 4040 582 4083 et
600 4034 674 4083 bouis
690 4032 801 4081 moribus
821 4031 866 4080 ad·
939 4031 1049 4096 dlutius]
1066 4034 1107 4082 Ab
1127 4033 1191 4082 lone
1216 4028 1298 4079 Xuthi
1319 4029 1373 4078 filio
1395 4033 1433 4081 sic

340 4108 437 4156 venari
448 4108 473 4156 in
484 4109 524 4157 his
534 4109 696 4171 potissimum
707 4107 805 4156 duobus
815 4113 866 4155 tra·
908 4107 1030 4155 nominati
1042 4112 1115 4165 suut3
1128 4105 1197 4166 prius
1209 4103 1368 4166 AEgialeuses
1379 4105 1433 4156 dic·

341 4178 381 4227 dit
399 4180 571 4242 Aristotelem
587 4183 667 4247 quod,
692 4188 719 4231 et
740 4180 868 4231 adulteria
908 4179 944 4235 ti;
961 4193 992 4225 ex
1013 4179 1111 4226 Achaia
1133 4178 1165 4225 ab
1188 4178 1332 4230 Heraclidis
1357 4182 1431 4244 pulsi,

341 4266 448 4316 quornm
467 4256 573 4305 maritos
590 4257 646 4318 ipse
665 4263 815 4320 procurator
829 4267 867 4304 cs·
907 4253 1015 4316 puniunt
1036 4252 1063 4300 in
1085 4252 1199 4304 Atticam
1220 4255 1268 4305 snb
1288 4257 1430 4318 Melantlru,

1603 1245 1626 1340 i
