3386 5262
446 601 494 648 ne
519 599 762 647 uounuuuuu
786 599 1012 648 mourursus.
1235 585 1279 650 25

185 744 324 796 Pouslnlns
344 755 420 792 nsum
441 753 534 792 sumen
555 741 709 793 habuerint:
751 742 837 803 viam3
864 755 939 791 aruns
961 739 1122 791 Numitorem
1147 741 1278 804 sylvium

188 823 378 884 Varronemque
387 825 489 868 secutus
499 817 657 879 Priscianus,
664 832 711 868 our
751 815 909 881 fratremque
918 817 999 880 ipsius
1010 815 1139 864 Amulium
1148 816 1278 879 Sylviuru3

187 897 294 946 aiterum
305 895 459 959 tertiumque
479 907 572 942 nomen
589 892 711 944 adbibne·
750 891 1038 955 Sabinorsmqueduces
1045 890 1106 940 haio
1114 892 1186 938 etati
1196 905 1279 956 prope

187 974 248 1036 rint,
260 973 321 1022 dnus
333 967 409 1020 affert
427 969 560 1019 iuuenes:
576 983 666 1030 mam,
681 975 712 1018 ut
751 979 874 1030 suppares
885 967 918 1014 Τ.
928 966 1039 1027 Tatium,
1056 973 1083 1014 et
1098 965 1209 1014 Meuium
1218 965 1279 1015 Sui-

186 1049 299 1100 immines
311 1047 425 1111 ejusdem
444 1051 498 1095 lum
511 1045 595 1108 gentis
611 1043 712 1093 temin-
752 1041 841 1092 istium
864 1042 1022 1105 appellatos?
1055 1041 1114 1090 Nec
1134 1055 1280 1106 quenquam

187 1127 262 1176 miliae
272 1125 340 1174 iuter
351 1136 379 1171 se
390 1120 628 1185 distinguerentur:
650 1120 712 1170 nite·
751 1133 856 1168 movere
868 1118 958 1180 debet,
975 1117 1042 1182 qnod
1055 1118 1177 1166 Romulus
1189 1124 1216 1168 et
1227 1120 1279 1170 Re·

187 1217 248 1265 ram,
260 1209 288 1250 ut
307 1199 460 1250 Sabinorum
478 1196 526 1246 sibi
544 1195 715 1246 macularent
752 1209 808 1243 rarus
820 1195 982 1244 unononrine
995 1194 1058 1243 dicti
1070 1194 1140 1242 sint:
1165 1195 1192 1243 id
1210 1197 1279 1246 euim

183 1275 399 1336 benevolentiam,
411 1273 471 1322 dun
484 1281 512 1322 et
529 1271 643 1335 ipsorum
663 1271 712 1322 sibi
752 1271 802 1320 iilis
813 1271 942 1334 singulare
951 1269 1012 1332 fuit,
1020 1283 1079 1320 cum
1087 1273 1279 1334 essentspurii3

185 1358 344 1404 enumerent
354 1348 465 1410 nomine,
476 1355 503 1398 et
514 1362 561 1397 sua
572 1347 634 1410 ipsis
643 1362 712 1398 corn-
754 1349 803 1408 sei,
820 1347 889 1411 quod
909 1347 1014 1396 similius
1033 1361 1095 1396 vero
1114 1348 1225 1407 videtur,
1245 1363 1278 1399 ea

185 1431 355 1481 muniuerunt.
380 1411 481 1478 Quibus
491 1431 519 1474 et
529 1425 669 1487 Eutropius
686 1424 712 1472 in
752 1429 829 1486 gente
840 1423 996 1486 sylvianum
1007 1430 1104 1485 essent,
1117 1424 1240 1474 Romulus
1251 1435 1280 1478 et

186 1507 303 1564 Romulo,
325 1511 354 1554 et
376 1501 508 1566 Appianus
528 1501 556 1549 in
577 1515 617 1563 eo,
636 1513 712 1564 quern
753 1499 849 1548 Remus
866 1513 917 1548 nun
927 1499 1039 1561 nomino,
1050 1499 1095 1548 sed
1113 1502 1281 1564 prenomine,

184 1579 305 1644 diximus,
315 1581 374 1629 loco
384 1575 504 1627 assentiri
514 1575 644 1624 ridentur.
753 1573 866 1626 inerunt.
898 1574 977 1624 Hisne
989 1587 1086 1624 morem
1098 1590 1114 1625 a
1125 1576 1226 1626 Graecis
1236 1591 1280 1627 sc·

218 1657 314 1706 Eorum
327 1663 420 1715 tamen,
431 1651 475 1717 qni
483 1651 559 1700 aliter
567 1657 711 1718 senserant,
754 1656 859 1712 ceptum
883 1649 965 1699 tradit
990 1648 1129 1698 Arruntius
1157 1652 1281 1701 Claudius

185 1732 331 1796 opinionem
349 1730 430 1778 multo
447 1727 646 1792 probabiliorem
660 1741 711 1777 non
753 1726 822 1789 opud
835 1727 1007 1788 Diomedem,
1025 1726 1058 1775 ab
1070 1725 1176 1776 Albanis
1188 1734 1216 1776 et
1232 1729 1280 1780 Sa·

185 1814 286 1857 temere
308 1805 434 1854 dixerim:
460 1818 518 1853 cnm
537 1803 605 1854 bene
626 1805 710 1868 multi,
752 1801 821 1850 binis
830 1801 925 1853 decimi
935 1803 1009 1866 hujus
1026 1803 1086 1851 libri
1103 1803 1205 1866 ignotus
1222 1817 1281 1856 snc-

184 1887 240 1930 tnm
251 1880 321 1946 apud
334 1879 448 1929 Albanos
463 1878 506 1927 sel
524 1884 584 1928 ante
603 1879 710 1930 Romam
751 1883 801 1942 tor,
812 1879 881 1942 quod
892 1879 977 1928 verius
990 1887 1086 1942 putem.
1120 1879 1228 1930 Maneat
1238 1895 1280 1930 er·

184 1959 325 2022 conditam,
346 1963 402 2008 turn
418 1956 498 2007 etism
514 1957 583 2020 apud
599 1955 709 2008 Sabinos
749 1969 782 2019 go
804 1953 919 2004 Albanos
942 1963 1002 2004 ente
1025 1955 1122 2004 Urbe·
1148 1955 1280 2006 conditam

185 2035 316 2098 aliquanto
327 2040 397 2097 post,
415 2033 490 2097 pinna
508 2033 647 2082 habuerint
665 2049 710 2084 nu·
751 2030 826 2094 plura
854 2031 997 2080 adhibuisse
1015 2031 1134 2092 nomina,
1159 2031 1280 2094 iliumque

184 2111 263 2159 mirra.
286 2110 348 2159 Quis
359 2110 427 2158 enim
438 2110 480 2158 sel
490 2109 585 2158 leviter
595 2110 712 2158 eruditus
752 2105 785 2158 ab
799 2105 830 2156 iis
849 2105 882 2155 ad
899 2108 1027 2156 Romanos
1039 2119 1155 2154 manasse
1174 2119 1279 2154 consue·

185 2185 284 2235 nesciat
301 2184 404 2232 Romuli
421 2191 531 2232 matrem
542 2183 639 2233 Rheam
655 2185 713 2248 Syl·
750 2181 879 2231 tudinem.

201 2378 330 2458 QUID.
348 2379 424 2444 SIT
446 2375 635 2457 NOMEN,
658 2373 943 2461 COGNOMEN‚
965 2379 1265 2447 PRAENOMEN.

218 2527 340 2578 Gnunnm
352 2525 421 2576 inter
432 2531 461 2576 et
471 2524 604 2576 Familiam
614 2527 663 2576 hoc
675 2525 714 2576 in·
752 2535 840 2590 gente,
851 2535 878 2578 et
897 2531 1044 2593 Scipionum
1060 2531 1165 2581 familia.
1193 2533 1282 2584 Quare

184 2611 291 2668 tereret,
302 2605 370 2669 quod
379 2604 450 2654 Gens
458 2604 540 2653 multo
549 2603 626 2653 latius
636 2619 712 2668 quens
752 2604 855 2668 utrique
867 2619 1001 2658 commune
1013 2615 1041 2660 et
1051 2621 1153 2670 nomen,
1171 2617 1199 2658 et
1219 2622 1280 2671 cog·

185 2681 422 2749 Fpmiliapeterct3
439 2697 497 2734 cum
516 2681 712 2732 exunnGente
751 2695 862 2732 nornen:
890 2691 1027 2749 utriumque
1051 2683 1159 2732 fratrem
1187 2698 1281 2734 nomen

184 2758 271 2808 multas
292 2759 505 2824 Smiliae,qumi
524 2773 556 2806 ex
575 2756 712 2808 unofonle
752 2756 887 2808 Cornelius
909 2774 923 2808 n
950 2767 1029 2822 gente
1051 2767 1105 2810 tum
1127 2758 1209 2808 Fabia
1226 2764 1280 2807 tum

183 2834 257 2882 multi
268 2834 355 2895 rivuli,
364 2835 552 2885 derivarentur.
583 2834 711 2886 Quodsi·
753 2833 879 2895 Claudia3
903 2849 1045 2898 cognomen
1064 2835 1152 2898 Scipio
1171 2834 1205 2884 sb
1223 2833 1281 2884 aliie

184 2909 246 2958 dere
257 2917 307 2974 est,
319 2916 349 2959 nt
359 2910 454 2960 Gentis
466 2911 541 2959 unius
550 2909 668 2972 exemplo
677 2909 711 2960 de
752 2909 879 2960 Corneliae
891 2912 975 2974 gentis
985 2911 1098 2974 familiis,
1113 2918 1142 2961 nt
1154 2911 1280 2974 Lentulis,

184 2985 280 3034 ceteris
292 2987 442 3048 conjectura
452 2984 542 3048 liauin
553 2986 640 3036 Gente
649 2985 711 3034 Cur*
753 2983 890 3048 cethegi„
916 2993 943 3035 et
961 3002 1108 3051 praenomen
1133 2986 1241 3037 Publius
1252 2993 1281 3036 et

183 3061 263 3123 neiis,
296 3061 364 3111 nnde
397 3062 512 3111 Femiliae
548 3060 711 3110 nobilissime
751 3057 1247 3114 Luciusalternmebalterodiscernit.

182 3136 330 3200 Scipiones,
351 3137 466 3196 Lenmli,
485 3134 606 3196 Cethegi,
628 3136 713 3184 Dolu-
785 3135 846 3182 Tris
862 3133 911 3182 iroc
929 3135 955 3183 in
972 3138 1029 3185 ioco
1043 3146 1168 3187 annotare
1179 3138 1281 3186 libitum

183 3213 271 3274 bellas,
280 3213 380 3275 Cinuae,
388 3211 479 3273 Syllae,
487 3212 537 3257 dne.
549 3213 672 3270 tanquam
682 3223 714 3255 ex
755 3213 804 3270 est,
813 3222 892 3256 uuum
911 3210 1007 3258 nomini
1024 3212 1165 3260 Gentilicio
1177 3201 1282 3274 'praeno-

184 3301 237 3336 uno
259 3294 352 3336 trunco
377 3283 452 3333 multi
474 3281 539 3331 rami
564 3286 714 3344 propagatae
755 3294 813 3328 men
833 3283 960 3344 pre-poni,
983 3285 1103 3344 postponi
1123 3298 1282 3348 cognomen3

183 3369 253 3412 sunt.
294 3362 382 3413 Quare
405 3373 439 3408 ne
466 3370 606 3422 genscum
630 3360 716 3419 genle,
756 3356 1034 3420 aiterumpraenomiua
1050 3359 1222 3410 aPiutarclru
1238 3377 1283 3426 ap·

183 3453 219 3488 ue
243 3435 349 3488 familiae
368 3434 482 3500 ejusdem
504 3432 600 3496 gentis,
615 3447 650 3481 ne
671 3433 718 3482 bo·
755 3431 986 3495 pellari‘primu3’
1004 3433 1107 3498 numina
1124 3436 1281 3498 ‘secundm'

182 3515 266 3564 mines
291 3513 407 3577 ejusdem
430 3519 484 3562 taur
501 3511 588 3575 gentis
604 3517 659 3560 tum
676 3507 714 3558 fa·
755 3507 1033 3571 cognomina‘terlia.'
1065 3510 1130 3560 Haec
1142 3509 1284 3564 forteievi·

181 3589 263 3638 miliae
290 3589 419 3638 nominum
452 3585 622 3636 similitudine
646 3585 716 3636 intes·
754 3597 809 3648 ora,
830 3586 936 3634 tertium
964 3587 1041 3648 paulo
1069 3587 1189 3652 gravium
1226 3603 1282 3638 esse

183 3678 215 3714 se
239 3661 472 3726 confunderentur,
489 3662 605 3712 adhiberi
629 3669 716 3726 coepts
755 3661 901 3721 uonnulios,
912 3663 956 3726 qui
966 3676 1092 3726 agnomen
1103 3679 1118 3712 a
1129 3664 1282 3726 cognomine

183 3746 248 3790 suat
267 3739 386 3802 Nomine,
410 3754 468 3804 quse
492 3739 624 3803 Gentem
649 3739 714 3804 Cog-
755 3738 833 3802 piane
845 3739 972 3787 diversum
984 3753 1040 3789 esse
1052 3739 1145 3790 velint:
1163 3747 1244 3804 utque
1254 3740 1282 3790 in

182 3813 300 3875 nornine,
310 3828 368 3878 quse
376 3815 523 3877 Familiam
540 3817 713 3877 Prsenosaina,
756 3827 797 3878 eo,
809 3815 877 3878 quod
885 3815 939 3878 jam
951 3815 1092 3877 sustulimus,
1102 3818 1219 3878 exemplo
1230 3817 1282 3866 hee·

183 3906 245 3957 qnae
256 3891 410 3953 Personam,
419 3890 600 3954 designarent.
611 3893 649 3942 Ut
660 3906 714 3942 rein
754 3904 874 3942 ruamus:
898 3893 931 3940 P.
947 3891 1082 3942 Cornelius
1101 3892 1190 3954 Scipio
1211 3891 1282 3942 Airi-

183 3967 278 4032 psncis
305 3965 467 4028 concludam,
487 3967 599 4017 Nomine
619 3983 715 4032 genas
754 3981 842 4030 canna,
860 3974 890 4018 et
906 3969 936 4018 L.
952 3969 1084 4018 Cornelius
1100 3969 1189 4031 Scipio
1207 3968 1282 4020 Asis·

183 4052 274 4112 genic,
286 4042 444 4107 Cognomine
459 4039 559 4092 iemiiia
574 4057 590 4092 a
608 4042 714 4094 familia.
754 4043 839 4095 tiones
856 4044 995 4096 Africanus
1008 4054 1037 4095 et
1046 4045 1176 4094 Asiaticus
1189 4054 1282 4097 vocant

184 4116 353 4169 Praenomine
362 4117 445 4167 irater
456 4132 472 4167 a
483 4116 564 4168 fratre
573 4119 715 4183 distingue·
753 4121 897 4182 agnomina,
918 4122 986 4184 quod
998 4136 1056 4171 oum
1077 4122 1110 4170 ab
1122 4123 1225 4172 actione
1235 4123 1281 4174 sii·

184 4195 278 4248 batur:
297 4193 366 4259 qnod
381 4194 514 4258 proposito
531 4195 715 4258 enempiecis·
754 4210 806 4260 qua
824 4204 971 4261 eventuque
989 4199 1196 4261 petantur,sicnt
1216 4212 1281 4262 prae·

185 4270 240 4320 rius
268 4273 377 4336 patebit.
424 4271 482 4321 Sint
508 4269 587 4335 igitur
611 4271 717 4322 Publius
754 4273 858 4322 numina
873 4272 980 4323 iimitem
1001 4275 1111 4326 alterum
1132 4275 1165 4324 ab
1187 4276 1280 4338 altero,

187 4344 323 4396 Cornelius
332 4345 421 4411 Scipio
438 4354 467 4397 et
477 4347 571 4396 Lucius
581 4347 715 4398 Cornelius
753 4348 793 4398 ita
803 4348 935 4398 uictoriam
946 4349 1020 4400 iunius
1031 4365 1047 4400 a
1057 4351 1280 4402 victoriealtersus

186 4420 292 4484 Scipio:
325 4423 400 4476 umbo
421 4423 518 4474 iratres
538 4438 571 4473 ex
596 4425 716 4478 Cornelis
754 4423 931 4488 distinguunt:
949 4425 1161 4491 sicquidemiilis
1179 4428 1280 4491 placet:
