3432 5236
586 579 772 628 esuriens
798 581 842 627 uu
863 582 1047 631 sturnus.
1317 571 1361 637 75

266 721 394 771 ‘banorum
405 721 494 770 virtus·
512 720 633 772 Quanam
644 720 723 770 tlrerlt
736 723 796 773 utri·
832 725 922 772 lorum.
966 724 1134 787 Diuitiarum,
1158 731 1257 790 quaestu
1283 740 1358 791 quarn

270 811 353 859 nsque
371 797 469 846 indoles
489 810 521 845 ex
545 797 667 848 Cornelio
690 798 795 861 Nepote
832 799 949 848 custodia
957 800 1092 849 solertior:
1110 800 1198 864 itaque
1217 802 1286 850 inter
1297 817 1359 868 qno·

265 872 370 935 accipe.
832 875 940 926 tidianas
959 876 1062 938 rapinas
1083 890 1184 938 semper
1198 877 1273 939 inops
1294 884 1360 928 erat.

302 948 462 998 Alcibiades:
487 949 538 998 ‘In
557 949 606 999 boe
623 956 716 998 natura
732 949 794 1012 quid
832 951 1013 1000 Misericordia
1030 953 1056 999 iu
1077 965 1108 1000 eo
1125 956 1152 999 et
1173 949 1282 1013 perfidia
1302 953 1359 1014 pari

267 1021 370 1072 efficere
381 1024 462 1086 possit
474 1024 576 1074 ridetur
593 1034 717 1089 experta:
735 1041 795 1074 con·
826 1025 886 1090 jure
899 1027 1010 1076 dilectae.
1043 1026 1123 1076 Nulla
1140 1027 1209 1089 apud
1228 1040 1286 1074 eum
1305 1034 1358 1075 tur-

266 1105 318 1148 strt
330 1101 399 1147 enim
412 1100 480 1149 inter
491 1115 580 1150 omnes
593 1102 653 1150 nihil
662 1102 706 1152 illd
717 1099 795 1150 fuisse
832 1102 870 1164 pis
883 1103 948 1151 ratio
964 1102 1092 1151 vincendi.
1126 1102 1240 1151 Blandus
1259 1102 1360 1165 pariter

265 1175 445 1234 excellentius,
457 1177 497 1224 vel
518 1176 544 1224 in
560 1176 641 1236 vitiis,
653 1177 694 1224 vel
706 1175 732 1224 in
744 1177 795 1225 vir·
831 1183 859 1226 et
868 1177 1005 1226 insidiosus
1016 1175 1144 1240 elloquio;
1160 1177 1203 1240 qui
1213 1177 1288 1239 plura
1300 1191 1359 1240 pro·

264 1249 369 1299 tutibus.
403 1251 471 1299 Nam
482 1251 507 1298 iu
520 1252 676 1314 amplissima
687 1251 795 1300 civitate
830 1253 947 1301 mitteret
959 1267 1033 1314 quam
1047 1257 1197 1315 praestaret:
1216 1253 1241 1300 in
1253 1253 1320 1304 seria
1330 1260 1358 1302 et

264 1338 363 1374 summo
381 1339 477 1388 genere
488 1333 574 1387 natus,
586 1327 697 1376 omniurn
709 1328 795 1376 aetatis
827 1327 901 1390 jocos
913 1325 1016 1376 artifex.
1039 1326 1175 1376 Amicitias
1186 1328 1300 1377 utilitate
1306 1342 1357 1378 uon

265 1413 317 1448 snae
330 1401 410 1449 multo
431 1398 641 1465 formosissimus,
656 1402 687 1450 ad
707 1416 794 1452 omnes
829 1403 880 1452 tide
891 1403 1005 1453 colebat.
1021 1402 1141 1453 Gratiam
1149 1402 1246 1465 fingere
1253 1403 1278 1452 in
1287 1402 1357 1465 odio,

265 1487 307 1522 res
317 1480 405 1537 aptus,
417 1475 570 1540 consiliique
583 1478 683 1539 plenus.
715 1479 793 1527 Nam·
828 1479 957 1528 instruere
980 1479 1048 1527 inter
1074 1478 1262 1529 concordantes
1287 1479 1356 1542 odia,

256 1563 314 1616 ‘que
333 1550 473 1614 imperator
492 1550 543 1601 fuit
561 1568 673 1602 summus
692 1555 755 1603 mari
767 1560 794 1604 et
829 1553 898 1617 apud
910 1561 1046 1618 utrumque
1062 1555 1171 1617 gratiam
1182 1568 1299 1618 quaerere
1315 1570 1356 1604 so·

264 1633 350 1677 terra:
369 1631 568 1691 disertus,utin
586 1632 792 1694 primisdicendo
828 1629 911 1680 lenuis
938 1630 975 1679 illi
1004 1629 1174 1679 consuetudo.
1212 1630 1286 1679 Inter
1301 1630 1358 1682 nee

263 1704 371 1752 valeret.
404 1705 439 1752 Et
452 1711 523 1754 tauta
535 1713 592 1754 erat
602 1708 792 1758 commendatio
828 1705 976 1769 eloquentia
986 1713 1013 1754 et
1023 1704 1129 1769 insignis
1137 1704 1219 1753 oratio
1231 1705 1356 1756 acuminis

262 1779 316 1827 oris
334 1786 412 1843 atque
430 1782 563 1843 orationis,
575 1789 690 1832 utnemo
707 1784 732 1832 ei
753 1783 790 1832 dl·
828 1786 856 1828 et
865 1780 977 1829 solertiae
998 1781 1090 1843 plena,
1106 1786 1136 1828 ut
1147 1793 1194 1828 nec
1206 1778 1356 1830 ornatura

263 1852 347 1904 cando
363 1863 450 1916 posset
459 1856 592 1904 resistere.
626 1856 712 1918 Idem,
731 1873 791 1908 cum
826 1855 921 1917 tilitas,
932 1870 980 1904 nec
991 1854 1112 1907 facilitati
1124 1855 1300 1904 inventionum
1311 1855 1356 1905 de-

255 1934 363 1992 ¹tempus
375 1938 504 1994 parceret,
515 1932 663 1989 laboriosus,
681 1935 791 1997 patiens,
827 1940 896 1982 esset
913 1939 1029 1983 ornatus.
1064 1932 1142 1996 Huic,
1160 1931 1310 1982 Alexander
1324 1931 1354 1982 fi.

261 2003 385 2067 liberalis,
406 2007 565 2068 splendidus,
590 2023 640 2058 non
660 2011 744 2059 miuus
762 2011 789 2058 in
826 2008 874 2057 lius
887 2008 1162 2071 successit,etulrtute
1180 2016 1208 2058 et
1228 2008 1356 2070 vitiispa-

261 2079 316 2128 rita
330 2094 406 2142 qnam
421 2082 507 2131 rictu:
533 2081 653 2145 affabilis,
670 2084 790 2148 blandus,
826 2092 866 2131 tre
893 2085 984 2147 major.
1025 2083 1118 2148 ltaque
1143 2082 1262 2132 vincendi
1290 2081 1356 2130 ratio

262 2154 421 2216 temporibus
447 2157 611 2207 callidissime
637 2160 789 2209 inserviens.
826 2159 1061 2220 utriquediversa3
1085 2159 1125 2208 iric
1143 2164 1244 2221 aperte,
1255 2157 1300 2205 ille
1316 2171 1355 2204 ar·

262 2230 346 2292 Idem,
355 2231 430 2279 simul
439 2246 470 2280 ac
479 2247 506 2280 se
517 2231 719 2294 remiserat‚'nec
729 2248 788 2283 ean·
827 2233 895 2281 tibus
914 2233 983 2281 bella
1001 2233 1148 2281 tractabat:
1174 2231 1292 2294 deceptis
1310 2231 1356 2282 ille

261 2319 290 2354 ra
301 2305 414 2367 suberat,
427 2306 712 2370 qnareanimilaborem
723 2322 789 2370 prae-
828 2305 940 2370 gaudere
958 2304 1086 2368 hostibus,
1102 2306 1144 2354 bie
1166 2306 1250 2370 palam
1270 2305 1353 2357 tusis:

259 2378 351 2443 ferret,
370 2382 525 2445 luxuriosus,
544 2381 692 2443 dissolutus,
704 2381 789 2432 libidi·
827 2379 981 2445 prudentior
1003 2379 1048 2429 ille
1069 2380 1185 2443 consilio,
1206 2382 1248 2432 bic
1269 2383 1354 2440 ,11111110

259 2471 345 2518 nosue,
355 2457 531 2520 intemperans
546 2459 743 2522 reperiebatur,
759 2467 789 2510 nt
826 2455 1040 2520 magnificentior.
1072 2457 1139 2506 Iram
1152 2460 1353 2522 paterdiaaimu·

259 2546 353 2582 omnes*
369 2532 557 2583 admirarentur
571 2535 597 2582 in
615 2549 664 2582 uuo
685 2535 788 2586 homine
825 2533 889 2594 lare,
904 2532 1054 2597 plerumque
1071 2533 1149 2582 etiam
1166 2535 1286 2585 vincere:
1310 2536 1354 2586 bie

259 2611 449 2661 tentaminesse
470 2612 711 2677 dissimilitudinem,
724 2620 788 2664 tam·
825 2609 869 2659 nbi
890 2609 1040 2670 exarsisset,
1058 2623 1107 2658 nec
1129 2609 1219 2660 dilatio
1241 2612 1353 2674 ultionis,

259 2701 308 2750 que
319 2687 448 2737 diversam
460 2687 594 2738 naturam'
825 2699 874 2734 nec
883 2685 972 2734 modus
984 2693 1058 2734 erat:
1074 2685 1128 2734 vini
1137 2692 1246 2751 uterque
1254 2687 1353 2750 aridus,

289 2763 495 2826 Epaminondas:
529 2766 615 2814 ‘Erat
642 2764 786 2830 modestus,
825 2759 870 2810 sed
893 2760 1029 2811 ebrietatis
1049 2760 1151 2810 diversa
1170 2763 1243 2812 vitia.
1277 2763 1353 2814 Patri

257 2841 380 2904 prudeus,
393 2841 488 2904 gravis,
503 2840 663 2902 temporibus
685 2841 788 2903 sapien·
824 2851 879 2886 mos
890 2843 948 2886 erat
961 2837 1206 2896 etiamdeconrglrio
1216 2837 1352 2890 inbostem

258 2923 300 2966 ter
310 2921 396 2977 utens,
413 2916 513 2978 peritus
532 2915 604 2976 belli,
615 2913 689 2964 fortis
700 2931 787 2979 manu,
824 2925 987 2976 procurrere,
1003 2926 1106 2962 manum
1125 2927 1272 2976 conserere,
1283 2915 1351 2978 peri·

258 2991 344 3041 animo
360 2993 488 3042 maximoe
512 2994 577 3041 adeo
594 2994 710 3044 veritatis
730 2995 787 3043 dili.
825 2986 927 3036 tulisse
943 2994 1041 3038 temere
1061 2987 1172 3041 offerre:
1200 2989 1352 3040 Alexander

257 3081 335 3129 30:1⁸3
352 3076 390 3130 ur,
399 3081 431 3116 ne
439 3068 501 3131 joco
511 3069 614 3131 quidem
626 3069 786 3125 mentiretur,
824 3075 874 3111 nou
886 3062 913 3110 iu
922 3064 1033 3126 bostem,
1044 3065 1089 3112 sed
1108 3067 1134 3112 in
1146 3081 1205 3114 suos
1216 3064 1350 3115 saeviebat.

256 3143 331 3193 Idem
343 3143 489 3203 continens,
498 3144 622 3204 clemens,
631 3143 786 3207 patiensque
824 3137 996 3185 Quamobrem
1016 3137 1167 3198 Philippum
1184 3151 1254 3199 saepe
1265 3137 1352 3184 relue-

257 3217 436 3268 admirandum
454 3218 480 3265 in
498 3216 618 3264 modum:
644 3230 695 3264 non
706 3217 785 3264 solum
824 3217 909 3257 ratum
931 3209 1020 3271 praelia
1037 3210 1172 3258 remisere:
1195 3211 1238 3259 hic
1255 3210 1350 3259 amico-

256 3295 420 3359 pop„15‚ged
445 3293 523 3342 etiam
543 3292 681 3341 amicorum
701 3290 786 3340 feren,
824 3296 881 3331 rum
901 3280 1056 3330 interfector
1071 3281 1189 3331 convivio
1201 3281 1352 3346 frequenter

255 3368 379 3432 injanas:
403 3367 572 3431 inprimisque
589 3367 726 3416 commissa
744 3381 785 3416 ορ.
824 3359 947 3408 excessit.
980 3358 1097 3419 Regnare
1115 3356 1159 3406 ille
1183 3371 1239 3406 eum
1261 3358 1351 3410 amicis

255 3445 327 3506 12233
345 3443 414 3508 quod
427 3442 556 3493 interdum
569 3457 621 3491 „011
633 3443 715 3491 minua
727 3457 786 3506 pm.
822 3434 935 3496 nolebat,
948 3433 990 3483 blo
1007 3433 1032 3482 in
1045 3431 1140 3482 amicos
1154 3447 1234 3496 regna
1244 3446 1351 3484 exerce·

256 3521 325 3585 dest,
340 3537 416 3586 quarn
427 3521 523 3570 diserte
534 3519 641 3570 dicere.'
823 3511 878 3563 bat.
911 3510 998 3562 Amart
1013 3519 1089 3574 pater
1103 3511 1195 3571 malle:
1210 3511 1252 3560 bie
1261 3514 1350 3564 metui.

287 3599 433 3660 Supersunt
456 3596 591 3660 Philippus
617 3595 729 3644 Macedo
747 3600 783 3644 vet
821 3586 1280 3650 Litererumeultusutriquesimilis.
1303 3585 1350 3637 So·

255 3670 544 3735 Alexander-Magnus3
561 3672 721 3736 quor-nmine
732 3686 785 3721 am.
821 3665 906 3714 lel'tiae
918 3661 1119 3726 paielmtijol'ifl;
1137 3661 1178 3710 llic
1187 3660 1259 3711 fidel.
1282 3663 1349 3713 ved·

254 3745 371 3812 purificato
406 3747 577 3796 Macedonum
619 3761 709 3811 regno,
742 3747 784 3796 hic
822 3737 1237 3803 bisatqueorationel’bilippne3
1254 3738 1348 3790 biera·

254 3836 347 3873 everso
359 3821 497 3870 Persarum
505 3822 611 3884 imperio
619 3823 784 3872 clarissimus.
820 3813 1052 3864 111110111111111·
1080 3811 1210 3862 Ρ11111111111
1227 3814 1350 3865 11111111

253 3898 370 3951 Juptinug
393 3904 526 3947 enumerat
544 3897 654 3946 virtutes
674 3904 703 3947 et
722 3898 784 3946 vitia
821 3889 856 3938 110
869 3891 967 3937 adimit!
979 3894 1006 3937 et
1016 3887 1152 3950 promtior,
1162 3894 1190 3936 et
1201 3887 1350 3941 110118111111-1

253 3974 406 4039 utriusque:
423 3974 536 4024 Quintus
554 3974 657 4022 Curtius
670 3974 784 4024 Alexan·
821 3963 966 4028 frugalitati
985 3969 1069 4027 pater,
1083 3962 1193 4012 luxuria
1210 3963 1277 4013 filius
1295 3980 1348 4016 ma·

253 4049 302 4114 dri,
333 4049 448 4098 primum
467 4047 566 4098 suerint
588 4049 667 4097 verba
689 4049 781 4112 appia.
821 4043 859 4105 gis
871 4042 972 4091 deditus
982 4050 1049 4090 erat.
1074 4041 1184 4094 ‘Quibus
1195 4039 1294 4092 artibus
1305 4059 1347 4094 or·

252 4133 355 4190 gamm
373 4123 467 4173 deinde
479 4123 569 4174 Quinti
582 4123 673 4172 curtii.
821 4116 860 4165 bis
871 4118 972 4180 imperii
990 4116 1157 4166 fundamenta
1175 4125 1250 4181 pater
1263 4120 1347 4184 jecit;

278 4201 352 4250 ‘Hac
362 4201 444 4250 babet
459 4198 577 4249 Justinue
588 4212 629 4247 rx.
641 4203 666 4248 8.
698 4199 780 4249 ‘Fuit
819 4196 903 4258 operia
915 4194 994 4244 totius
1016 4193 1123 4257 gloriam
1143 4193 1210 4244 lilius
1230 4208 1346 4247 consum·

254 4277 310 4324 Rex
327 4273 487 4339 (Philippus)
497 4287 623 4322 armornm
632 4288 707 4338 quam
719 4288 780 4323 eon·
818 4267 916 4318 mavit!

252 4348 376 4398 ririorum
387 4349 556 4414 apparatibus
566 4348 720 4400 studiosior:
737 4349 780 4398 eui
851 4344 917 4394 Haec
929 4343 1041 4396 Quintus
1053 4344 1156 4395 Curtius
1167 4345 1212 4397 lib.
1224 4360 1250 4397 x.
1268 4347 1345 4400 ‘Jur-

251 4423 370 4475 marimae
382 4439 443 4488 opes
455 4431 530 4474 erant
541 4426 712 4478 instrumenta
724 4423 778 4473 bel·
818 4429 845 4474 te
856 4420 1044 4474 estimantibus
1062 4423 1169 4489 Regem,
1179 4424 1261 4492 liquet
1276 4425 1345 4479 bona
