3266 5174
430 478 509 526 csr.
526 473 590 521 vn.
614 474 661 522 nn
687 473 901 538 urscrrnrrts
926 476 1114 526 1111111111.
1252 467 1318 532 2911

225 621 544 702 multitudinemque
576 617 721 681 hostium
747 624 968 700 superaruntt
1027 617 1191 684 Humanae
1217 623 1318 705 igitur

225 723 469 803 imbecillitatis
484 719 627 784 efficacis
633 719 752 783 simum
767 720 996 784 duramentum
1009 726 1066 794 est¹
1075 713 1295 788 necessitas?

276 823 393 890 ll.-In
418 821 532 886 eadem
557 822 732 904 provincia
758 821 802 899 Q.
828 821 953 886 Fabius
977 821 1082 886 Max}
1101 822 1317 896 ferocissimae

225 926 342 1009 gentis
354 923 481 988 animos
496 923 696 988 contundere
712 930 747 988 et
761 923 937 988 debilitare
950 925 1106 1007 cupiens,
1127 927 1319 990 mansuetis·

234 1027 350 1090 simum
365 1025 527 1108 ingenium
541 1033 647 1104 suum,
672 1024 714 1088 ad
730 1031 863 1108 tempus
886 1024 1040 1108 deposita
1054 1026 1238 1104 clementia,
1254 1046 1319 1092 saa-

231 1129 359 1190 viores
382 1129 432 1192 uti
448 1127 622 1192 severitate
637 1126 756 1208 coigit.
801 1125 957 1191 Omnium
980 1130 1081 1204 enim,
1101 1129 1159 1210 qui
1174 1147 1217 1192 ex
1232 1147 1318 1210 prae-

231 1229 523 1300 sidiisllomanis¹¹
544 1228 588 1306 ad
610 1230 724 1293 hostes
749 1227 1000 1310 transfugerant,
1028 1229 1186 1312 captique
1210 1237 1316 1308 erant,

232 1347 348 1394 manus
362 1330 506 1395 abscidit
518 1338 560 1394 :4³
584 1337 620 1395 ut
635 1338 750 1394 trunca
771 1349 840 1413 prae
863 1349 900 1394 se
921 1332 1056 1394 brachia
1080 1336 1244 1412 gestantes
1259 1332 1318 1396 de·

230 1431 382 1496 sectionis
396 1439 520 1496 metum
533 1432 671 1514 reliquis
684 1432 866 1515 injicerent.
901 1431 1057 1496 Rebelles
1071 1431 1185 1515 itaque
1197 1451 1317 1498 manus

233 1535 464 1616 acorporibus
479 1535 550 1597 suis
563 1533 773 1611 distractae
793 1533 892 1616 inque
907 1539 1080 1598 cruentato
1092 1534 1165 1597 solo
1182 1551 1317 1618 sparsae,

231 1633 365 1709 ceteris,
376 1654 417 1698 ne
430 1634 520 1698 idem
536 1635 738 1698 committere
751 1634 917 1713 auderent,
931 1635 1129 1699 documento
1143 1634 1295 1712 fuerunt*

273 1735 328 1800 12.
351 1733 446 1798 Nihil
462 1735 574 1800 mitius
594 1735 760 1819 superiore
775 1735 946 1800 Africano.
981 1735 1028 1800 ¹Is
1054 1742 1175 1812 tarnem
1199 1736 1240 1799 ad
1264 1737 1319 1800 fir·

232 1838 387 1902 mandam
401 1836 615 1920 disciplinam
634 1837 822 1916 militarem,
837 1838 962 1921 aliquid
976 1839 1018 1901 ab
1036 1836 1237 1900 alienissima
1253 1838 1319 1901 sibi

232 1937 427 2001 crudelitate
448 1936 679 2000 amaritudinis
692 1937 910 2000 mutuandum
925 1938 1164 2000 existimavit.”¹
1206 1936 1316 2018 Siqui-

233 2035 310 2100 dem
324 2037 455 2101 devicta
470 2036 681 2117 Carthagine,
696 2055 771 2099 cum
787 2054 912 2112 omnes,
931 2038 987 2118 qui
1002 2057 1045 2099 ex
1059 2037 1179 2099 nostris
1193 2037 1319 2100 exerci-

234 2137 324 2200 tibus
338 2136 381 2200 ad
390 2136 516 2200 Poenos
529 2137 736 2215 transierant,
746 2138 780 2200 in
790 2156 884 2200 suam
896 2143 1096 2220 potestatem
1112 2137 1319 2218 redegisset,v

265 2353 272 2386 ²
289 2355 422 2406 Necessitas
431 2351 500 2404 babet
511 2356 636 2404 mximam
646 2353 693 2401 aim
704 2355 734 2402 od
744 2354 926 2418 constestandam
936 2354 1058 2403 temanum
1069 2352 1238 2417 infirmitatem·

232 2420 540 2534 Μῖθῇίίὲἳὲοαάὥοᾜέἶω
550 2419 659 2468 maxim
669 2418 806 2466 severitatis
818 2418 955 2478 jaciendum
963 2419 1068 2482 putavit,
1084 2419 1138 2466 licet
1154 2421 1293 2466 sudantum
1303 2429 1319 2462 a

685 2575 863 2596 unumne

233 2692 283 2726 nou
293 2677 389 2727 lrabeat
400 2676 460 2726 edd.
473 2679 537 2724 vett.
549 2673 594 2723 sed
607 2679 681 2723 extat
692 2675 718 2723 in
736 2676 812 2737 longe
831 2674 928 2737 majore
949 2672 1024 2724 codd.
1037 2677 1185 2736 parte-42
1203 2672 1258 2722 Sus.
1269 2685 1320 2722 non

233 2741 312 2789 habet
322 2741 433 2796 soeoiore;
449 2753 494 2802 pro
506 2752 556 2800 quo
567 2738 664 2786 Brund.
677 2742 700 2788 l.
710 2743 734 2787 2.
750 2739 844 2802 Capes.
855 2737 950 2798 Ultraj.
961 2742 985 2787 1.
997 2741 1022 2787 2.
1040 2747 1093 2786 tres
1103 2737 1194 2786 Leidd.
1214 2743 1241 2784 et
1261 2745 1320 2785 octo

233 2805 339 2852 Torren.
350 2803 446 2852 habeut
455 2803 584 2851 senatore:
601 2801 712 2864 Herbip.
731 2803 845 2851 seueriore
862 2802 898 2850 uti
914 2802 1037 2851 sententia.
1072 2801 1138 2850 Haec
1157 2800 1240 2849 rerba
1259 2813 1321 2849 con·

234 2864 376 2914 funduntur
387 2867 463 2914 etiam
474 2867 500 2912 in
512 2865 587 2915 codd.
606 2866 709 2913 Sallust.
722 2866 778 2914 Cat.
798 2871 838 2914 51.
850 2865 892 2913 cf.
911 2865 997 2914 Tacit.
1012 2866 1082 2914 Hist.
1100 2879 1119 2914 r.
1136 2869 1241 2915 tta-ss
1259 2866 1320 2913 Vct.

234 2943 291 2977 cum
300 2930 364 2979 Mas.
376 2931 533 2978 Romanorum
544 2931 575 2976 ad
586 2929 664 2977 hostes
667 2927 795 2987 fugerant,
806 2943 888 2976 munus
898 2926 1014 2985 abscidita
1028 2930 1119 2977 omisso
1129 2931 1236 2990 captique
1246 2934 1324 2977 eram.

233 2997 298 3042 —dl
314 2994 389 3042 Voss.
398 2998 423 3043 1.
433 2997 457 3042 2.
469 2991 560 3041 Leidd.
573 2997 595 3042 5.
606 2996 630 3040 1.
642 2991 738 3052 Ultraj.
750 2995 773 3038 1.
784 2995 809 3038 2.
821 3004 886 3038 nnus
900 2989 990 3038 Rhem.
1003 2999 1031 3039 et
1040 2992 1101 3040 Vat.
1113 2997 1136 3038 1.
1148 2996 1172 3038 2.
1189 3005 1247 3038 carn
1259 2991 1321 3038 Vet.

233 3057 364 3106 dirimatis:
381 3057 431 3106 duo
441 3056 485 3105 alii
497 3056 588 3104 Rhem.
599 3055 707 3102 discrete
714 3069 723 3110 ,·
739 3053 812 3103 Harl.
824 3047 903 3101 Barb.
915 3057 938 3102 1.
947 3057 972 3100 2.
983 3058 1010 3100 et
1022 3052 1116 3114 Copes.
1127 3056 1241 3113 disjecta,
1252 3051 1321 3101 unde

234 3121 353 3170 Perizon.
369 3120 436 3182 conj.
455 3119 569 3180 dissecta
585 3124 613 3166 et
628 3116 740 3184 jubebat
758 3116 847 3165 videre
863 3120 988 3178 excerpta
1006 3115 1125 3163 Rubenii.
1160 3116 1258 3165 Postea
1274 3129 1321 3176 pro

234 3198 322 3248 sparsa
333 3184 426 3250 (iopes.
437 3185 565 3246 disperare,
578 3181 645 3231 unde
656 3180 724 3230 idem
735 3181 855 3231 Perizon.
874 3179 1010 3243 proposuit
1024 3179 1168 3242 disparata:
1185 3178 1258 3228 Harl.
1273 3177 1322 3227 dis·

723 3293 830 3344 NO’I'AE

268 3402 279 3449 t
291 3393 340 3444 An.
352 3394 390 3443 Μ.
399 3397 472 3444 3912.
489 3391 532 3442 01.
544 3395 599 3442 tes.
610 3394 634 3440 3.
650 3389 715 3441 Urb.
727 3392 757 3441 C.
796 3391 838 3441 bic
849 3389 947 3440 civibus
957 3388 1046 3452 oppidi
1068 3386 1172 3449 Baccia,
1184 3387 1251 3451 quod
1263 3401 1321 3437 cum

235 3476 292 3522 611.
308 3472 370 3522 Ant.
382 3470 412 3521 C.
425 3474 481 3519 ldl.
797 3467 929 3516 Viriathus
941 3465 1094 3527 obsedisset,
1111 3463 1206 3513 Fabius
1218 3463 1322 3526 quidem

266 3547 316 3602 ⁸0.
333 3546 420 3596 Fabius
431 3542 564 3606 Maximus]
590 3541 757 3605 Servilianos,
798 3544 879 3608 pulsis
889 3542 1180 3602 hostibusliberaverit3
1197 3539 1240 3589 sad
1251 3540 1323 3602 (111111-

236 3623 371 3686 adoptatus
382 3622 517 3683 ingentem
527 3619 693 3682 Fabiam,qui
705 3619 757 3668 bel·
797 3619 882 3684 gentis
913 3618 1006 3667 civium
1041 3619 1200 3682 principibus
1235 3631 1323 3665 mantus

235 3700 288 3748 lum
310 3711 368 3747 cum
390 3695 507 3745 Viriatho
527 3693 640 3744 feliciter
661 3695 756 3758 gessit:
798 3694 936 3759 praescindi
949 3694 1063 3758 jusserit.
1098 3694 1149 3741 Vix
1166 3706 1214 3755 ego
1232 3691 1325 3740 adduci
1431 3749 1433 3755 ,

234 3789 287 3823 non
298 3780 371 3822 recte
382 3771 414 3820 ab
426 3770 546 3833 Appiano
560 3769 709 3818 AEmilianas
721 3769 758 3817 di·
799 3784 913 3833 possum,
922 3775 952 3816 ut
966 3769 1070 3818 credam
1091 3775 1164 3817 tanta
1179 3765 1259 3814 fuisse
1277 3766 1324 3814 im·

237 3850 312 3900 citur.
799 3845 925 3894 maritate
937 3844 1092 3904 Fabium,ut
1101 3843 1161 3892 etin
1171 3843 1288 3892 sociaset
1297 3841 1324 3891 in
1368 3833 1369 3839 ’

267 3932 279 3958 “
291 3925 334 3973 Ea
343 3921 460 3986 presidiis
471 3917 594 3980 Romania]
610 3918 694 3969 Aliter
705 3917 759 3981 Ap·
801 3919 896 3966 amicos
907 3924 958 3967 tam
969 3917 1110 3967 crudeliter
1122 3917 1232 3966 saeviret.

237 4000 323 4063 piano,
349 3998 425 4046 aliter
450 3995 528 4044 etiam
551 3993 644 4042 Oroaio
663 3994 760 4057 placet,
832 3991 903 4050 11111.
914 3994 1034 4042 Μ.2913.
1054 3990 1096 4042 Ol.
1110 3995 1201 4042 lom.
1218 3993 1325 4044 Urbe.
1390 4011 1393 4018 ·

238 4089 343 4137 quorum
373 4079 482 4136 uterque
507 4067 644 4132 transfugis
672 4084 761 4119 manua
801 4069 857 4115 612.
874 4065 1046 4116 1111111140.

238 4149 362 4198 abscissas
377 4153 470 4212 negat3
486 4145 563 4211 idque
581 4145 700 4208 supplicii
716 4159 761 4207 ge·
832 4141 886 4191 'la
894 4157 958 4191 suum
966 4145 1105 4204 poteatatem
1114 4143 1253 4206 redegisset]
1271 4144 1325 4192 Sci·

239 4238 287 4272 nus
304 4223 427 4274 indictum
444 4221 564 4285 affinnat,
574 4222 618 4270 ille
638 4220 761 4270 militibus
802 4219 845 4282 pio
859 4219 935 4267 victis
951 4218 978 4266 in
996 4217 1085 4268 Africa
1102 4220 1222 4283 Syphace
1234 4227 1261 4268 et
1272 4219 1326 4270 Au·

238 4297 345 4349 latronis
361 4299 491 4362 cujusdam
501 4298 603 4350 nomine
614 4296 762 4358 Cannobae3
802 4295 900 4358 nibale,
917 4294 1098 4359 carthaginem
1125 4303 1194 4347 terra
1213 4297 1326 4360 marique
