3210 5158
478 441 558 490 cre.
575 441 600 488 1.
625 441 673 488 ur
697 441 978 493 monenrrrorn.
1055 509 1057 516 y
1203 433 1267 496 421

188 579 295 669 Super
321 579 413 650 beecl
437 583 583 648 Siciliam
605 583 783 660 εοήίῐιιε,29
803 587 876 648 eam
899 585 1101 668 provinciam
1127 587 1265 670 collegae

187 685 299 749 cessit.
351 683 464 748 Toties
493 683 639 748 laudatio
669 682 820 748 Marcelli
848 686 969 750 variari
998 691 1150 769 ροῐθεῑ,30
1185 708 1267 770 quo-

186 789 252 850 ties
266 779 364 852 novis.¹
377 787 450 869 ipse
464 785 618 868 gradibus
632 785 868 876 moderationis
883 787 1042 852 adversus
1060 788 1172 852 socios
1185 808 1266 854 usus

185 893 259 950 estt

226 987 257 1050 8.
280 987 389 1066 Quam
404 986 456 1051 Ti.
473 988 572 1052 etiam
588 984 775 1053 Gracchus¹
798 987 1025 1052 admirabilem
1041 1009 1078 1054 se
1093 991 1264 1057 exhibuit!

184 1086 353 1152 Tribunus
362 1091 454 1154 ,enim
479 1091 597 1173 plebiS,
627 1109 703 1154 cum
725 1109 766 1152 ex
794 1089 943 1172 professo
972 1089 1164 1178 inimicitias
1189 1111 1264 1156 cum

182 1186 354 1269 Africano,
371 1197 405 1255 et
418 1189 580 1268 Asiatico,
597 1192 812 1275 Scipionibus
828 1197 960 1272 gereret,
979 1195 1011 1254 et
1024 1191 1200 1256 Asiaticus
1210 1193 1266 1276 ju·

184 1289 303 1356 dicatae
331 1294 510 1375 pecuniaem
540 1293 702 1358 satisdare
725 1312 791 1356 non
819 1291 991 1374 posset,l³¹
1023 1299 1123 1375 atque
1146 1295 1265 1360 ideoe

183 1383 317 1455 consule
326 1401 341 1428 ¹²
354 1394 387 1456 in
400 1392 535 1455 vincula
549 1392 688 1474 publice
701 1392 778 1456 duci
796 1391 913 1474 jussus
931 1399 1030 1468 esset,
1045 1395 1265 1475 appellasset·

182 1510 247 1574 que
260 1493 437 1573 collegium
450 1493 665 1572 tribunorum,
678 1495 770 1558 nullo
785 1494 917 1558 volente
931 1495 1139 1573 intercedere,
1155 1517 1264 1562 seces·

181 1595 225 1656 sit
235 1614 256 1657 a
271 1594 419 1675 collegis,
435 1594 667 1677 decretumque
682 1595 878 1677 composuit.
921 1591 954 1657 N
959 1612 998 1656 ec
1014 1595 1190 1676 quisquam
1205 1598 1264 1661 du-

174 1693 309 1772 bitavit,
323 1694 401 1778 quin
427 1714 468 1758 eo
494 1696 670 1761 scribendo
682 1704 707 1744 ³²
730 1697 805 1761 irati
824 1697 930 1760 hostis
955 1696 1115 1760 adversus
1136 1695 1262 1760 Asiati-

181 1812 256 1857 cum
269 1795 380 1858 verbis
400 1813 521 1859 usurus
536 1801 635 1860 esset.
678 1797 726 1861 At
747 1799 776 1861 is
798 1798 939 1881 primum
958 1797 1085 1879 juravit
1107 1801 1165 1860 ‘se
1178 1816 1262 1860 cum

180 1893 397 1976 Scipionibus
413 1897 446 1959 in
461 1898 599 1979 gretiam
613 1917 681 1960 non
695 1897 833 1959 rediisse
845 1895 864 1956 :'
886 1897 1002 1960 deinde
1017 1897 1081 1960 tale
1094 1897 1261 1977 decretum

178 1996 346 2060 recitavit:
370 1996 472 2061 ‘Cum
487 1999 527 2064 L.
543 1997 715 2061 Cornelius
730 1997 845 2078 Scipio
861 1995 914 2059 die
934 1997 1091 2081 triumphi
1115 1999 1166 2061 sui
1186 2003 1262 2062 ente

178 2114 308 2160 currum
322 2105 419 2162 actos
434 2098 578 2162 hostium
595 2098 695 2162 duces
710 2100 746 2163 in
757 2107 927 2162 carcerem
943 2096 1130 2180 conjecerit,
1154 2097 1260 2180 indig-

177 2215 253 2259 uum
268 2205 303 2262 et
317 2198 459 2263 alienum
481 2219 501 2264 a
519 2201 694 2283 majestate
704 2209 727 2248 ³³
749 2193 867 2285 populi
891 2198 990 2262 Rom.
1013 2199 1118 2262 videri
1142 2199 1260 2263 ecdem

184 2438 188 2446 ·
208 2405 271 2458 *nr
288 2409 407 2462 Asiaticus
423 2427 469 2462 nou
489 2417 566 2474 posset
585 2414 642 2462 dore
661 2413 784 2476 peeoebm
800 2425 899 2472 omnem,
922 2425 966 2474 quo
986 2409 1115 2470 injudicio
1136 2411 1260 2460 damnetur

170 2472 262 2533 emt.

1 2541 2 2600 }
624 2569 806 2590 em

175 2664 371 2713 omittiteerem:
387 2664 483 2728 Ultrej.
496 2669 519 2714 l.
531 2665 636 2716 exbibet
646 2668 671 2716 in
688 2667 869 2717 clientem—rc
887 2665 963 2727 Super
980 2666 1022 2714 boc
1036 2664 1143 2714 Siciliam
1159 2665 1258 2715 sortitur

174 2731 282 2776 ert—80
298 2728 367 2776 Octo
380 2728 455 2776 codd.
465 2731 570 2778 Temen.
589 2744 646 2780 cum
655 2732 716 2780 Vet.
731 2732 802 2792 Mog.
812 2731 919 2778 Venett.
939 2731 987 2779 διο.
1006 2729 1096 2778 ecrmrt
1112 2743 1156 2776 nort
1173 2735 1258 2791 potor,

175 2788 302 2852 probante
313 2791 411 2842 Medio.
445 2793 508 2841 Mox
519 2793 544 2842 in
556 2793 654 2843 duobus
664 2796 769 2842 Torren.
781 2796 854 2842 decet
863 2793 929 2842 eoois
936 2807 946 2848 ‚·
960 2793 1052 2855 Ultmj.
1063 2797 1086 2841 2.
1097 2791 1175 2841 hebet
1181 2795 1258 2855 reu,

174 2861 202 2902 et
211 2853 248 2902 eie
259 2855 337 2902 ctiam
348 2855 420 2917 Meg.
432 2857 586 2905 moderatione
597 2872 643 2905 sex
652 2859 757 2906 Temen.
767 2856 874 2904 Venett.
891 2854 969 2904 Aldd.
987 2856 1070 2904 Colin.
1090 2855 1188 2917 crypt.
1206 2861 1256 2906 dcc.

173 2921 237 2966 -bl
254 2918 359 2981 Septem
371 2920 562 2969 codd.'l’orreu.
573 2926 599 2968 et
610 2919 853 2982 Mopocoruulibur.
885 2917 951 2965 Vide
970 2915 1038 2964 infra
1055 2917 1159 2966 Notam.
1193 2919 1256 2968 Mox

174 2981 267 3043 copes.
277 2985 455 3044 appellassetque
465 2986 496 3032 od
511 2985 648 3043 collegium,⁸
665 2991 692 3032 et
711 2983 787 3045 paulo
804 2986 872 3043 post,
888 2995 903 3028 a
921 2981 1090 3040 collegio—³2
1108 2980 1256 3028 Perizonius

174 3042 330 3107 conjecerat,
345 3047 402 3108 quin
412 3048 438 3094 in
449 3061 474 3095 eo
484 3048 610 3109 scribendo,
626 3053 655 3096 ut
667 3053 741 3096 extat
751 3046 777 3093 lu
789 3045 862 3094 Leid.
875 3045 954 3108 quint.
967 3052 995 3092 et
1006 3043 1088 3092 Peric.
1107 3043 1258 3108 idque'lor-

174 3109 259 3157 reulus
270 3109 396 3173 prefert:
413 3124 460 3173 pro
478 3111 536 3159 irati
552 3111 654 3174 quidam
671 3110 798 3171 iracundis,
816 3122 908 3170 nempe
925 3105 1046 3157 ‘verbm'
1080 3107 1151 3156 Leid.
1165 3111 1189 3155 7.
1206 3107 1257 3154 iru-

173 3173 263 3233 currdr's,
280 3180 306 3222 et
316 3188 362 3236 pro
372 3190 395 3223 v.
407 3176 424 3223 l.
435 3174 473 3224 ira
484 3175 675 3224 commode-38
693 3175 801 3238 Aliquot
812 3171 886 3221 codd.
903 3172 1011 3222 Temen.
1030 3171 1118 3220 delent
1135 3172 1257 3235 praeposi·

173 3236 269 3286 tionem
278 3253 308 3296 u,·
324 3239 417 3302 copes.
429 3238 506 3288 hebet
517 3239 633 3300 muiedati
640 3256 650 3298 ,·
667 3240 750 3302 multi,
765 3237 887 3299 mriertate
898 3236 931 3284 R.
942 3236 974 3286 P.
992 3243 1020 3284 et
1036 3235 1073 3284 sic
1085 3249 1185 3299 quoque
1196 3235 1256 3283 Vet.

659 3379 768 3433 NOTIE

198 3490 215 3526 ¹*
226 3493 302 3556 Super
311 3495 372 3558 luee]
399 3494 466 3546 Ante
480 3496 620 3546 Siculorum
631 3510 693 3561 que·
732 3495 792 3545 bum
801 3507 884 3544 cauere
894 3505 960 3552 eree,
969 3488 1255 3550 curbintemielrerret,

172 3569 246 3631 relus,
265 3569 354 3618 Sicilie
373 3585 429 3620 cum
452 3573 535 3620 eluere
556 3573 692 3634 Marcello,
732 3571 815 3621 freter
835 3569 867 3620 L.
877 3568 969 3632 ‚Scipio
985 3573 1136 3626 excusaret3
1153 3565 1254 3625 iterum,

170 3645 249 3694 ltalia
259 3659 317 3694 cum
328 3645 396 3694 bello
412 3647 437 3694 in
455 3643 628 3696 Hannibalem
637 3647 692 3696 Lae·
733 3662 790 3697 cum
801 3653 862 3710 post
873 3644 989 3695 Africani
998 3649 1106 3692 mortem
1121 3656 1136 3698 e
1153 3639 1255 3689 Petilii·

171 3721 230 3770 vino
241 3720 390 3770 obvenerat.
732 3723 927 3772 demnatusest.

203 3792 276 3849 rAn.
286 3797 324 3845 M.
337 3799 410 3846 tort.
428 3797 471 3848 01.
481 3801 536 3848 142.
547 3802 572 3847 3.
589 3797 690 3849 Urbe.
762 3797 909 3848 mdedicetur
927 3792 1041 3858 pecunie]
1065 3791 1117 3842 Sub
1137 3787 1255 3841 Africani

172 3872 227 3918 ⁵42.
245 3869 306 3920 Ant.
318 3871 429 3920 Cb209.
731 3877 851 3935 mortem,
872 3872 911 3920 vel
933 3870 983 3919 duo
1005 3867 1104 3931 Petilii,
1122 3881 1155 3916 ex
1173 3867 1255 3925 livio,

203 3942 209 3976 ¹
222 3946 259 3996 Τί.
270 3947 343 3996 etium
355 3945 486 4009 Gracchus]
507 3946 619 3996 Similius
629 3961 690 3997 vero
730 3947 773 3997 vel
788 3947 925 4005 Minucius,
942 3958 974 3994 ex
989 3943 1083 4005 Gellio,
1100 3956 1204 3992 atterere
1215 3943 1254 3992 M.

171 4017 233 4065 mibi
259 4022 370 4082 videtur,
401 4021 477 4086 idque
505 4027 559 4072 tmu
580 4021 691 4084 Livium,
730 4023 838 4084 Catone,
848 4022 878 4070 L.
887 4021 1032 4082 Scipionem
1049 4018 1159 4081 ingentis
1176 4033 1252 4080 pecu·

171 4097 225 4140 tum
234 4092 399 4148 Plutarchum
409 4097 507 4160 legenti
518 4097 623 4146 cuilibet
631 4112 691 4147 con·
729 4098 778 4148 niae
790 4096 822 4146 eb
830 4094 960 4145 Antiocho
968 4100 1083 4159 accepte
1092 4093 1252 4143 damnarunt.

170 4164 261 4228 “ibib
274 4169 314 4218 bie
325 4174 354 4222 1..
366 4172 492 4236 Scipionis
508 4187 610 4222 censum
627 4173 691 4225 a'li.
762 4172 813 4223 ”A
833 4171 933 4233 omre]
956 4169 1015 4220 Hoc
1035 4167 1145 4232 falsum
1165 4169 1252 4232 legen·

173 4240 289 4290 Graccho
298 4254 456 4311 susceptam
470 4249 548 4299 semel
559 4262 616 4300 cum
626 4263 691 4301 mor·
731 4247 944 4316 demollitam.
