3214 5170
344 461 409 528 356
631 473 787 522 νιιιιιιιι
811 471 956 521 ιιιιιιιιι
981 471 1052 522 nro.
1076 474 1134 522 ιιι.

386 623 440 688 24.
462 618 529 684 Sed
544 615 636 700 qnod
658 617 702 681 ad
724 617 944 700 praelintorum
968 615 1187 679 excellentem
1208 612 1430 679 fortitudinem

343 724 473 796 attinet,
487 718 605 782 merito
621 719 660 783 L.
676 716 828 783 Sicinii⁹⁶
851 716 987 781 Dentati
999 724 1013 750 '
1034 716 1304 780 commemoratio
1320 716 1431 778 omnia

341 823 496 887 Romane
506 821 664 904 exempla
679 819 818 884 finierit:
844 819 939 902 cnjus
956 834 1059 899 opere
1073 815 1279 898 honoresque
1294 819 1430 899 operum

341 921 425 986 ultra
439 920 538 985 fidem
553 923 622 985 veri
637 919 832 984 excedere⁹⁷
849 919 995 1003 judicari
1020 923 1168 1001 possent,
1191 916 1256 979 nisi
1279 935 1322 978 eu
1348 915 1431 979 certi

341 1029 504 1098 unctores
529 1023 614 1085 inter
636 1040 723 1102 quos
747 1019 797 1084 M.
813 1019 954 1096 Varro,'
975 1019 1196 1082 monumentis
1218 1015 1288 1079 suis
1307 1020 1431 1078 testata

339 1141 414 1189 esse
426 1122 619 1185 voluissent.
662 1119 773 1200 Quem
789 1123 914 1187 centies
938 1126 973 1184 et
994 1121 1138 1202 vigesies
1145 1119 1173 1169 ⁹⁸
1194 1119 1229 1181 irr
1248 1110 1355 1180 aciem
1371 1113 1429 1176 de-

335 1219 662 1299 scendissetradunt,
671 1242 714 1286 eo
729 1224 844 1288 robore
859 1222 961 1286 animi
970 1226 1070 1303 atque
1080 1219 1229 1302 corporis
1240 1223 1429 1291 utentem‚⁹⁹

338 1327 376 1387 ut
399 1322 558 1406 majorem
584 1342 718 1408 semper
742 1325 895 1389 victorine
924 1331 1050 1406 partem
1074 1321 1215 1384 traxisse
1240 1317 1430 1381 videretur!

339 1423 406 1487 Sex
434 1427 467 1485 et
489 1422 622 1504 triginta
652 1425 785 1506 spolia¹
806 1443 850 1488 ex
872 1423 1020 1487 hoste¹⁰⁰
1041 1421 1205 1494 retulisse,
1229 1437 1370 1500 quorum
1394 1417 1427 1478 in

336 1542 471 1588 numero
485 1531 565 1587 octo
580 1525 698 1602 fuisse,
714 1544 789 1589 cum
804 1525 927 1607 quihus
941 1525 1149 1606 inspectante
1172 1527 1310 1602 unoque
1333 1536 1429 1580 exer-

336 1624 407 1688 citu
435 1644 479 1688 cx
505 1626 744 1708 provocatione
768 1625 978 1690 dimicasset:
1018 1639 1098 1687 xri.
1128 1623 1220 1686 cives
1246 1639 1291 1684 ex
1316 1617 1427 1681 medin

335 1731 440 1790 morte
451 1731 569 1808 ruptos
585 1743 758 1790 servasse:
781 1727 927 1810 quinque
941 1733 976 1789 et
991 1740 1057 1788 xo.
1074 1723 1208 1787 vulnera
1223 1723 1356 1802 pectore
1367 1737 1427 1781 ex·

336 1826 483 1908 cepisse,
497 1831 588 1908 tergo
602 1827 816 1892 cicatricibus
829 1845 951 1890 vocuo.
996 1823 1130 1887 Novem
1137 1817 1353 1900 triumphales
1363 1817 1424 1878 im-

332 1933 520 2009 peratorum
532 1945 648 1991 currus
664 1934 824 2006 secutum,
843 1928 947 1992 totins
962 1925 1110 1989 civitatis
1129 1920 1245 1985 oculos
1259 1919 1292 1981 in
1309 1935 1345 1980 se
1361 1935 1422 1978 nu-

335 2045 467 2092 merosa
496 2027 659 2092 donorum
685 2037 834 2113 pompe!
856 2030 1111 2093 conuertentem·
1162 2019 1426 2085 Prueferehuutur

333 2128 420 2192 enim
432 2147 542 2192 aurete
553 2148 684 2193 eoronee
696 2137 775 2195 octo
785 2137 815 2194 τ’
835 2131 956 2194 civicae
971 2143 1050 2191 xlv.
1067 2123 1209 2190 murales
1223 2129 1313 2184 tres:
1335 2119 1425 2184 ohsi-

364 2345 374 2368 ‘
393 2338 426 2386 Ut
436 2338 557 2387 videretur
566 2343 677 2402 mojorem
686 2352 775 2400 semper
785 2351 815 2384 ee
824 2340 896 2397 portu
906 2335 1007 2382 uictoris
1015 2335 1107 2382 laudem
1115 2336 1147 2382 ud
1155 2349 1182 2382 ee
1192 2336 1304 2384 traxisse.

789 2458 949 2479 mmo
952 2459 966 2478 θ

330 2561 434 2612 Deinde
450 2562 541 2620 copes.
560 2561 652 2620 viroque
668 2557 708 2618 ab,
724 2557 853 2620 probante
871 2556 1084 2606 Perimere-ee
1094 2555 1169 2606 Harl.
1180 2554 1267 2604 Bitur.
1277 2560 1300 2604 l.
1311 2554 1382 2603 netu.
1395 2561 1422 2607 ⁵.

330 2623 363 2674 l.
379 2623 459 2673 Sentio
465 2637 477 2679 ,,·
493 2621 566 2670 Leid.
578 2625 602 2670 2.
611 2621 641 2672 L.
653 2621 750 2679 Serrcii5
767 2621 862 2684 Ultrnjr
875 2626 898 2671 1.
911 2621 975 2670 Sicci
983 2636 993 2678 ,·
1009 2621 1105 2682 Ultraj.
1118 2625 1144 2669 2.
1152 2620 1221 2668 Lucii
1233 2619 1309 2674 Sicir'r
1325 2619 1421 2681 Copes.

331 2692 359 2734 et
371 2685 443 2736 Leid.
464 2688 489 2733 8.
507 2683 597 2734 Siciuei
605 2699 614 2742 ,·
631 2686 695 2734 eliue
714 2684 805 2748 codex,
822 2685 994 2734 Sicanii—tlt
1007 2686 1015 2713 ‘
1028 2685 1097 2733 Rara
1114 2683 1230 2746 phrasin
1248 2683 1368 2730 usitatior
1378 2692 1424 2732 est

322 2749 398 2813 fldem
410 2749 536 2806 excedere3
554 2749 612 2798 hinc
624 2749 728 2799 Vorstio
737 2750 801 2798 ultra
812 2756 960 2812 suspectum
972 2755 1021 2810 est,
1029 2750 1055 2796 ni
1066 2749 1201 2810 legendnm
1211 2747 1245 2794 nit
1255 2761 1312 2794 cum
1324 2745 1422 2796 Brund.

327 2825 353 2859 ee
373 2813 497 2860 extendere
545 2813 594 2862 rrod
612 2814 689 2862 ettam
711 2812 807 2876 Ultraj·
828 2814 903 2876 prim.
920 2813 1008 2873 hebet.
1040 2812 1178 2861 Torrentius
1197 2825 1258 2860 vero
1277 2812 1341 2858 altro
1353 2809 1378 2869 f.
1398 2826 1425 2864 u,

328 2875 439 2923 excedere
449 2828 577 2940 delinire,
595 2877 696 2941 qnando
707 2879 770 2925 ultra
789 2877 905 2926 omnibus
922 2878 995 2925 libris
1007 2876 1105 2925 haeretss
1121 2877 1200 2938 Knpp.
1232 2874 1311 2922 Barla.
1322 2878 1346 2922 l.
1357 2877 1421 2924 ultra

321 2936 406 3000 finem,
424 2946 451 2987 et
469 2939 502 2987 alr
521 2941 554 2991 el.
574 2955 608 2990 m.
619 2941 769 3006 fidem-98
786 2941 856 2991 Dan.
873 2941 968 2990 Brund.
981 2946 1005 2990 l.
1017 2945 1041 2990 2.
1053 2949 1081 2989 et
1095 2947 1205 3004 quotuor
1220 2937 1295 2987 codd.
1312 2939 1419 2987 Torren.

328 3001 401 3048 nicici
408 3016 418 3058 ,·
434 3017 498 3051 unm
513 3005 619 3070 Torren.
637 3004 748 3062 numm
764 3003 858 3070 sepes.
869 3004 940 3055 delet
951 3009 1046 3054 et-oo
1058 3006 1153 3065 Curres.
1170 3017 1217 3066 pro
1228 3007 1330 3050 utentem
1342 3002 1419 3050 hebet

326 3063 506 3139 uirtute-1⁰0
517 3069 588 3116 Unus
599 3068 695 3117 Brund.
707 3074 735 3117 et
745 3069 841 3133 Ultroj.
859 3073 882 3117 1.
899 3085 931 3119 ec
941 3069 1059 3126 lunibusr
1074 3068 1157 3122 ceteri
1174 3067 1302 3126 vulgatam
1315 3073 1419 3114 tuentur

327 3127 473 3179 lectionem.
507 3132 571 3180 Mox
583 3146 630 3194 pro
641 3133 785 3196 inspectante
801 3132 894 3196 Copes.
911 3133 984 3182 Leid.
1006 3137 1029 3180 t.
1047 3132 1141 3194 Ultrnj.
1154 3135 1178 3180 2.
1191 3139 1217 3178 et
1230 3129 1346 3191 plerique
1356 3127 1417 3177 edd.

328 3197 394 3240 vett.
407 3193 428 3240 si
440 3193 513 3256 Mog.
532 3196 676 3258 exceperis,
694 3195 817 3246 excitent
833 3202 961 3259 epectunte.
994 3197 1075 3244 Paulo
1093 3203 1154 3258 post
1167 3209 1212 3242 sex
1224 3193 1417 3241 eodd.'l¹urren.

327 3267 385 3304 cunr
398 3256 470 3320 Meg.
482 3264 509 3307 et
520 3259 617 3309 ceteris
634 3266 700 3310 vett.
718 3259 743 3308 irr
759 3264 860 3322 pectore.
895 3259 997 3309 Deinde
1016 3275 1063 3324 pro
1073 3268 1239 3323 pumuntur
1249 3257 1324 3318 cepio,
1335 3257 1420 3304 minue

819 3387 925 3438 riom

355 3491 410 3541 vL.
422 3491 507 3541 Siciuii
518 3493 634 3560 Dentati]
661 3495 781 3546 Amnltis
798 3497 852 3546 Sic·
892 3499 961 3552 renis
985 3507 1104 3551 trecenta
1124 3496 1260 3548 duodecim
1279 3492 1347 3542 doun
1365 3506 1417 3542 me·

326 3567 504 3634 ciuedicitur3
519 3569 672 3633 rirqnidenr
691 3569 851 3636 fortissimus,
892 3573 954 3624 ruit.
1202 3623 1204 3630 .

324 3643 369 3692 ted
382 3642 627 3692 nobilitatimaxime
637 3643 764 3708 iulensus3
780 3661 850 3697 cum·
923 3649 1066 3698 tuoruum
1086 3647 1182 3712 potnpu]
1210 3646 1290 3695 Parta
1308 3641 1415 3692 *Ῑθῐθῐῑθ

324 3731 374 3782 que
392 3717 421 3768 T.
436 3717 579 3766 Romulinm
597 3718 761 3768 Consularem
780 3721 850 3769 darn·
890 3725 988 3773 solebat
1007 3725 1152 3787 Imperator
1172 3735 1218 3784 pro
1237 3715 1358 3768 tribunali
1375 3727 1414 3762 se·

324 3797 414 3840 restet
437 3791 494 3853 ipse
513 3791 638 3842 minume
660 3793 754 3857 plebis,
773 3797 849 3858 paolo
889 3799 961 3862 dere,
976 3806 1119 3864 vocatoque
1130 3796 1244 3846 exercitu
1256 3793 1357 3842 laudere
1369 3785 1415 3836 rni-

324 3870 385 3925 post
395 3865 604 3916 Decemvirorum
615 3865 705 3918 stende
713 3869 800 3931 periit.
889 3873 966 3934 lites;
982 3875 1043 3939 quid
1056 3890 1071 3923 e
1082 3888 1185 3939 quoque
1197 3869 1302 3921 fortiter
1312 3873 1413 3936 gestum

357 3945 373 3970 '
383 3939 422 3989 M.
446 3939 533 4004 Varro]
550 3941 648 3992 Doctus
659 3943 704 4012 ille¹
714 3944 848 3996 Ciceronis
888 3951 1047 4012 predicare;
1063 3949 1212 3999 nominatim
1222 3943 1350 4009 appellare
1361 3939 1415 3987 sin-

324 4017 352 4059 et
363 4014 468 4075 equalis
480 4021 508 4063 ct
517 4017 629 4079 amictu
646 4018 678 4068 dc
689 4035 740 4085 quo
748 4030 848 4084 postea.
888 4025 970 4088 gulos,
983 4026 1083 4089 illisque
1093 4025 1160 4072 done
1171 4020 1291 4070 militaria
1300 4009 1408 4078 largiris

356 4089 369 4114 ⁸
381 4085 588 4168 Digimuspotu]
613 4095 849 4160 DrerinsSolinnn3
919 4103 1035 4150 'Aureae
1051 4115 1141 4148 corona
1161 4097 1224 4159 octo]
1248 4096 1324 4145 Sicut
1344 4081 1415 4139 va'tla

324 4155 407 4244 spolia
417 4173 450 4206 ex
468 4163 541 4213 lroete
557 4169 644 4217 tricies
661 4179 754 4234 qnater
769 4174 850 4236 cepit,
888 4181 942 4221 tum
955 4182 1029 4222 eraut
1040 4163 1346 4232 coronanrmgenerrr‚ita
1357 4167 1415 4216 uliae

323 4245 351 4279 ru
369 4229 489 4294 plrnlerls,
499 4237 588 4299 trustis,
599 4242 668 4303 pilis,
679 4246 794 4308 armillis,
806 4260 848 4295 co·
889 4247 944 4294 aliis
954 4247 988 4294 de
999 4248 1081 4296 causis
1093 4245 1228 4294 dabantur.
1263 4241 1315 4296 Qui
1329 4243 1416 4292 ricto·
