3266 5174
505 455 585 503 car.
601 456 654 504 tv.
679 455 728 502 nn
752 455 1018 508 sunericunrs.
1208 421 1210 428 ¹
1244 446 1311 512 257
1351 457 1358 474 ·

213 619 296 678 rum,
312 605 351 664 ut
366 606 419 666 est
437 619 510 664 moa
532 597 710 664 hominum*
726 603 871 683 parvula
894 602 989 669 initia
1012 601 1175 685 pertinaci
1197 607 1309 673 dudio

212 700 448 784 prosequendi,
474 700 719 765 venerabilibus
744 720 823 784 erga
848 702 942 766 Deos
971 704 1084 768 verbis
1095 711 1119 742 ¹¹
1137 703 1308 787 juventus,

211 801 287 865 rudi
301 812 401 883 atque
414 800 637 885 incomposito
652 809 746 866 motu
766 821 942 886 corporum
962 805 1172 887 jocabundus,
1189 812 1309 886 *gestus

213 903 362 987 adjecit!
403 903 528 987 anue
558 921 611 967 res
640 902 768 968 ludium
798 924 843 968 ex
879 905 1038 971 Hetruria
1055 913 1081 946 ¹²
1118 908 1309 972 arcessendi

211 1022 346 1069 causam
366 1005 523 1087 praebuit:
545 1004 641 1088 cujus
667 1005 791 1070 decora
815 1008 995 1089 pernicitas
1012 1013 1145 1074 vetusto
1159 1027 1204 1072 ex
1219 1027 1309 1073 more

210 1101 380 1170 Guretnm¹
406 1106 676 1190 Lydorumque,m
703 1127 724 1171 a
751 1109 874 1191 quibus
905 1109 1123 1174 Hetruscl¹³¹¹
1146 1110 1305 1192 originem

208 1213 390 1286 traxerunt,
414 1210 568 1273 novitate.
593 1215 687 1291 grata
716 1208 945 1274 Romanorum
971 1210 1092 1275 oculos
1123 1211 1305 1292 permulsit.

208 1306 251 1370 Et
267 1310 346 1391 quia
360 1309 475 1374 ludius
490 1309 580 1394 apud
593 1329 654 1372 eos
668 1309 799 1374 Histrio
816 1311 1061 1393 appellabatur,
1072 1312 1232 1376 scenico⁰
1246 1332 1306 1376 no·

207 1428 282 1472 men
298 1410 486 1475 Histrionis
509 1410 649 1473 inditum
669 1416 733 1473 est.
779 1411 950 1474 Paulatim
965 1411 1086 1475 deinde
1102 1411 1235 1477 ludicra
1250 1433 1305 1477 ars

206 1509 249 1573 ad
276 1512 477 1575 satirarum?
497 1511 618 1574 modos
630 1517 659 1557 ¹4
679 1512 860 1593 perrepsit:
885 1513 1039 1594 aquibus
1052 1513 1178 1597 primus
1194 1516 1301 1580 omni-

237 1705 250 1739 ⁶
271 1705 364 1766 Verum,
373 1710 400 1754 ut
411 1705 513 1755 mmiass
530 1707 604 1756 selem
615 1706 694 1754 studio
704 1704 823 1768 pertinaci
842 1722 929 1769 augere
948 1707 1026 1757 sesols
1038 1707 1110 1758 initio
1125 1724 1199 1771 pareo
1209 1717 1305 1774 coeptss,

197 1770 312 1830 juventus
321 1772 403 1818 luders
412 1770 519 1820 uerticis
527 1770 632 1818 Deorum
643 1771 752 1819 honorem
762 1771 905 1834 compositis,
914 1771 1011 1821 miscuit
1020 1774 1097 1822 corios
1107 1779 1190 1835 gestus
1196 1780 1220 1824 et
1230 1777 1303 1824 sultu-

203 1836 280 1884 tiesss
287 1835 390 1897 corporis
402 1837 466 1902 motu
476 1834 566 1896 agresti
576 1839 601 1883 et
612 1835 771 1898 incomposito.
1301 1843 1304 1851 '

204 2076 229 2121 l.
240 2076 266 2122 t.
277 2077 303 2120 et
314 2070 406 2134 viginti
417 2069 634 2119 dnobus'l'orrcn.
666 2071 731 2120 Mox
751 2070 835 2120 Bitur.
851 2075 874 2119 l.
894 2071 955 2132 quod
970 2069 1046 2132 primo
1057 2071 1241 2121 Romulea-ll
1260 2072 1303 2122 Ita

204 2135 311 2198 Pighius
324 2149 356 2184 ex
369 2134 446 2184 codd.
458 2134 533 2184 etsie
546 2133 644 2183 Brund.
656 2139 679 2182 t.
692 2139 715 2185 2.
725 2136 787 2184 Vet.
800 2140 828 2183 et
838 2135 910 2208 Mog.
921 2133 1150 2196 ohsequiisjueentus
1161 2169 1167 2183 .
1180 2169 1204 2186 ..
1218 2142 1303 2197 gestus

204 2201 269 2249 dedit
285 2197 382 2248 liabent
393 2197 499 2252 l'euett.
522 2197 601 2247 Aldd.
621 2197 709 2247 Chalc.
727 2201 775 2247 &c
792 2198 907 2261 obsequias
924 2204 963 2246 est
982 2197 1060 2246 etiam
1079 2198 1188 2248 inVoss.
1205 2206 1233 2248 et
1251 2214 1302 2250 uuo

205 2265 296 2313 libero.
306 2264 371 2312 dedit
383 2263 409 2312 iu
424 2261 519 2310 Medic.
531 2267 554 2313 6.
567 2269 595 2312 et
606 2261 697 2311 codice
706 2261 858 2311 toltit-12
871 2263 966 2326 Copes.
975 2269 1002 2310 et
1010 2259 1083 2311 Harl.
1094 2263 1183 2311 ludium
1195 2263 1302 2314 Etruria.

202 2329 264 2378 Vet.
275 2341 323 2390 pro
334 2326 466 2376 arcessendi
477 2325 584 2375 exhibet
594 2327 723 2376 exercendi.
756 2327 820 2374 Mox
832 2325 923 2374 eadem
942 2340 999 2375 cum
1018 2326 1205 2388 septemdecim
1225 2328 1301 2379 codd.

203 2393 311 2442 Torren.
323 2397 350 2441 et
366 2391 438 2450 Meg.
455 2403 550 2438 causam
567 2389 642 2438 dedit.
676 2389 773 2454 Guyet.
791 2390 974 2451 tonitruorum
993 2403 1041 2452 pro
1059 2390 1141 2450 emese
1158 2392 1217 2440 Vct.
1236 2391 1303 2452 crpus

202 2458 285 2504 deeora
304 2454 532 2518 promeritus-lt
557 2454 618 2503 Vet.
645 2467 704 2502 cum
732 2452 819 2503 multis
842 2453 918 2505 codd.
939 2453 1047 2502 Torreu.
1071 2455 1150 2504 lissei
1192 2455 1301 2518 Eadem,

201 2517 1304 2645 timuerat.attat.rtttztittttltt·.ttt¹t;.ttttt

203 2648 310 2710 Pighius
322 2647 439 2697 restituit
449 2645 573 2708 perrepsit,
589 2644 656 2709 qnod
668 2645 766 2695 habent
780 2646 877 2694 Brand.
888 2650 912 2694 l.
923 2649 948 2695 2.
958 2643 1055 2708 Ultraj.
1068 2649 1091 2693 l.
1104 2646 1178 2694 nrtrlti
1196 2646 1303 2697 Torren.

202 2717 229 2761 et
241 2713 304 2762 Vct.
338 2710 402 2760 Mox
420 2709 576 2774 spectantium
593 2711 670 2758 ocrim
687 2716 711 2758 et
727 2710 819 2760 caimos
837 2711 863 2758 in
880 2708 939 2759 edd.
958 2718 1019 2759 ante
1037 2709 1175 2773 Pighium:
1192 2713 1302 2774 ocularet

698 2852 809 2904 NOTAE

236 2957 419 3023 lCerrtsuulium]
444 2958 733 3022 AConsoDeo,cnjus
805 2959 1006 3023 capuamque]
1039 2960 1110 3010 Asiae
1132 2962 1237 3010 minoris
1256 2975 1301 3022 po·

103 3076 107 3084 .
204 3049 274 3084 arant
287 3035 410 3086 Romulus
431 3036 477 3086 auh
497 3041 591 3084 terrant
611 3050 639 3085 se
657 3049 733 3098 repe·
774 3036 828 3100 puli
847 3034 1018 3098 fueruat,qui
1037 3044 1145 3101 propter
1162 3036 1302 3099 Phrygiam

203 3112 267 3161 risse
279 3111 399 3173 dicebat3
416 3113 470 3161 sive
484 3112 621 3176 Neptunus
633 3113 732 3176 Eques·
774 3109 877 3160 Pactoli
888 3111 957 3173 ripas
969 3110 1125 3160 incolebant.

204 3187 251 3237 tris
264 3188 306 3237 ille
316 3189 416 3238 Consus
425 3196 503 3251 esset,
514 3188 568 3238 sive
577 3189 660 3253 quivis
669 3188 733 3238 aliut
806 3186 851 3235 ”A
863 3186 945 3249 qrtihus
955 3184 1083 3247 Hetrusei]
1099 3183 1153 3248 Aty
1166 3185 1217 3234 duo
1229 3190 1303 3234 erant

203 3263 287 3325 Deus,
298 3264 341 3328 qni
352 3263 534 3329 capiendarum
546 3264 674 3327 virginum
684 3263 733 3326 ipsi
772 3259 829 3324 filii,
850 3260 937 3324 Lydus
956 3267 983 3309 et
1004 3260 1166 3325 Tyrrhenus:
1193 3274 1302 3323 cumque

204 3347 295 3388 auctor
306 3337 393 3388 tuerit.
411 3337 632 3389 Inhisludiscum
643 3340 733 3402 multa,
773 3337 845 3400 regio
865 3335 965 3400 ingenti
981 3335 1049 3386 tante
1064 3336 1205 3398 laboraret,
1224 3336 1303 3385 ducta

204 3421 259 3462 tum
270 3413 296 3462 id
313 3416 422 3465 maxime
438 3415 576 3464 ridiculum
592 3413 652 3477 fnit,
664 3413 732 3478 quod
773 3424 843 3466 sorte
854 3431 868 3466 e
878 3415 979 3466 duobus
991 3414 1051 3464 tiliis
1068 3414 1177 3464 retinuit
1194 3412 1303 3476 Lydum,

204 3495 232 3538 et
250 3505 329 3554 equos
348 3497 377 3540 et
395 3491 481 3540 asinos
500 3504 550 3540 nou
561 3490 637 3539 modo
657 3489 732 3538 otiari
773 3493 932 3556 Tyrrhenum
946 3505 1003 3540 cum
1015 3503 1108 3553 magna
1126 3487 1216 3551 populi
1227 3494 1301 3550 parte

203 3567 328 3630 sinerent,
348 3567 392 3616 sed
408 3565 514 3617 floribus
528 3566 607 3616 etiam
627 3579 731 3616 corona·
772 3565 842 3616 foras
854 3566 926 3616 shire
941 3565 1037 3630 jussit:
1055 3564 1137 3628 quiin
1155 3577 1210 3625 earn
1222 3576 1302 3626 appu·

203 3650 271 3694 rent.
772 3643 802 3692 lit
814 3641 898 3692 Italiae
917 3648 1027 3704 partem,
1044 3655 1121 3705 quatu
1139 3637 1244 3688 nomine
1255 3650 1301 3686 suo

236 3716 378 3780 ¹Curetum]
403 3717 455 3769 Qut
474 3717 583 3780 primum
601 3716 628 3766 in
646 3716 730 3780 Phry·
770 3717 943 3782 Tyrrheniam
976 3713 1127 3780 appellavit.
1170 3713 1247 3762 Nunc
1278 3713 1302 3760 la

204 3794 246 3856 gia
265 3793 298 3841 ad
317 3792 410 3842 montis
430 3792 487 3842 ldae
507 3791 618 3854 radices,
630 3799 684 3842 tum
704 3791 730 3840 in
775 3795 884 3843 Tesserae.

204 3866 291 3930 Creta,
301 3867 411 3932 denique
420 3867 446 3916 in
456 3867 558 3918 Gracia
566 3866 731 3927 habitarunt;
804 3866 933 3929 ⁰Seenicc]
960 3865 982 3914 Α
1000 3865 1079 3915 verbo
1101 3864 1197 3915 Graeco
1218 3861 1302 3923 σκηνὴ.

202 3945 284 3994 multa
294 3945 326 3994 de
338 3946 376 3994 his
391 3944 496 4004 Strabo,
512 3957 598 4006 quem,
616 3943 637 3991 si
656 3943 731 4005 plura
772 3943 864 4005 umbra,
879 3941 947 4006 quod
970 3946 1031 3990 aute
1049 3941 1208 3990 theatrorum
1228 3955 1301 3990 nsum

204 4020 322 4083 requiris,
339 4021 445 4071 consule
470 4019 514 4070 lih.
534 4032 561 4069 x.
583 4019 640 4066 haec
662 4018 731 4068 enim
772 4017 820 4066 auh
832 4015 967 4066 frondibus
979 4022 1007 4064 et
1019 4015 1176 4065 umbraculis
1188 4018 1301 4066 carmina

205 4107 262 4142 cnm
273 4102 300 4146 et
310 4096 413 4145 incerta
427 4095 488 4156 sint,
505 4099 533 4144 et
548 4092 690 4143 tabularum
702 4093 732 4141 li·
772 4093 913 4143 decantare
924 4091 1039 4140 solerent
1048 4098 1177 4154 pastores.

206 4169 291 4218 centis
315 4173 438 4236 pleraque
467 4175 599 4234 corrupta,
620 4184 636 4219 a
657 4169 731 4219 nobis
804 4167 982 4230 tSutircrum]
1008 4169 1093 4216 Satira
1110 4167 1198 4218 t'ahula
1217 4173 1257 4217 est
1274 4168 1300 4216 iu

207 4243 371 4295 omittuntur.
772 4259 823 4309 qna
837 4243 940 4308 Tragici
958 4243 1048 4294 Polites
1064 4259 1112 4294 nec
1132 4245 1241 4306 Heroas,
1251 4259 1300 4296 nec

269 4324 359 4388 Deiplu.
369 4330 392 4375 et
408 4327 466 4379 Ver.
477 4329 544 4379 Cius.
682 4325 733 4376 Vel.
744 4326 814 4375 Mos.
1214 4325 1235 4372 R
