3266 5174
352 457 418 542 292
657 487 814 536 vrnearr
838 487 981 534 urxrrrr
1007 487 1079 535 mr.
1102 488 1140 536 11.

352 635 450 718 equis
473 634 507 696 in
530 631 729 696 funditorum
757 631 829 695 alas
852 630 1063 711 transcripsit.
1109 629 1266 712 Magnum
1288 634 1446 716 profecto

352 736 498 800 dedecus
521 732 640 813 patriae
665 749 785 812 magno
810 730 942 795 Pisonis
953 737 978 778 ³⁷
1002 731 1121 794 decore
1146 733 1351 798 vindicatum
1367 742 1434 800 est:

352 835 507 918 quoniam
522 834 656 914 quidem
671 832 706 895 id
720 833 788 914 egit
802 831 896 909 Piso,
910 839 950 894 ut
964 832 1063 914 qui,³8
1086 834 1268 916 cupiditate
1283 838 1364 900 vitae
1379 837 1437 900 ad-

311 973 313 984 ·
351 935 455 1011 ducti,
485 953 586 998 cruce
612 932 815 1014 dignissimis
838 932 987 1012 fugitivis
1011 938 1140 1016 tropaea
1163 933 1204 996 de
1230 953 1266 997 se
1294 941 1442 1002 statuere

349 1043 594 1113 concesserant,
609 1035 822 1116 libertatique
837 1053 907 1098 suae
921 1035 1035 1098 servili
1046 1054 1143 1098 manu
1164 1034 1363 1116 flagitiosum
1377 1039 1436 1100 im-

349 1135 431 1219 poni
441 1135 559 1218 jugum
575 1154 641 1197 non
665 1135 886 1212 erubuerant}
907 1153 1053 1198 amarum
1072 1135 1159 1199 lucis
1182 1155 1280 1199 usum
1306 1139 1436 1219 experi-

347 1242 469 1312 rentur,
479 1241 693 1318 mcrtemque,
708 1255 808 1318 quam
823 1235 1023 1301 effoeminato
1034 1237 1221 1312 timuerant,
1231 1237 1368 1302 viriliter
1377 1257 1435 1321 op-

348 1343 487 1402 terent*

391 1438 443 1501 10.
467 1438 542 1502 Nec
556 1439 663 1502 minus
679 1438 805 1502 Pisone
829 1440 950 1503 acriter
970 1438 1015 1516 Q.
1030 1437 1265 1506 Metellus:³⁹q
1287 1441 1435 1521 quicum

348 1539 438 1624 apud
451 1538 683 1604 Contrebiamr
698 1559 751 1604 res
767 1547 941 1621 gereretur,
958 1541 1142 1605 collocatas
1156 1560 1178 1604 a
1192 1559 1227 1603 se
1242 1541 1277 1602 in
1292 1541 1433 1622 quadem

347 1643 489 1706 statione
504 1641 650 1723 quinque
667 1641 833 1719 cohortes,
848 1650 949 1724 atque
964 1661 1008 1706 ex
1020 1661 1061 1706 ea
1080 1641 1208 1705 uiribus
1222 1641 1366 1704 hostium
1379 1642 1434 1706 de-

345 1744 474 1825 pulsas,
492 1749 640 1824 repetere
656 1742 796 1807 eandem
810 1744 1006 1808 stationem·
1026 1743 1210 1824 evestigio
1226 1742 1347 1825 jussit:
1368 1760 1442 1804 non·

345 1845 439 1927 quod
453 1852 601 1928 speraret
614 1845 714 1908 abiis
729 1845 890 1908 amissum
905 1844 1018 1909 locum
1033 1845 1221 1928 recuperari
1236 1862 1350 1926 posse,
1372 1841 1434 1906 sed

344 1950 381 2008 ut
393 1947 572 2029 praeteritae
588 1947 723 2029 culpam
736 1965 869 2029 pugnae,
883 1946 1099 2028 'insequentis
1120 1944 1308 2008 certaminis
1331 1943 1435 2006 mani·

343 2043 430 2108 sesto
444 2047 592 2128 periculo
607 2047 751 2129 puniret.
796 2045 914 2109 Edixit
925 2047 1038 2122 etiam,
1063 2051 1099 2109 ut
1121 2047 1150 2108 si
1165 2047 1241 2128 quis
1257 2065 1300 2107 ex
1314 2044 1366 2107 his
1380 2043 1434 2106 su·

344 2145 437 2226 giens
453 2153 561 2210 castra
575 2148 769 2229 petiisset,4⁰
790 2166 851 2229 pro
877 2146 974 2211 hoste
995 2145 1246 2209 interficeretur.
1289 2143 1367 2221 Qua
1383 2163 1434 2208 se·

343 2247 481 2309 veritate
492 2249 681 2330 compressi
694 2248 830 2324 milites,
846 2253 880 2310 et
895 2247 1090 2329 corporibus
1105 2245 1291 2326 ratgarius
1314 2249 1348 2308 et
1363 2246 1435 2308 ani-

342 2346 407 2408 mis
423 2345 649 2430 desperatione
662 2349 743 2414 vitae
773 2347 970 2430 implicatis,
991 2347 1061 2409 loci
1086 2353 1198 2408 tamen
1222 2345 1433 2426 iniquitatem
1484 2382 1486 2386 .

374 2559 386 2592 ὖ
403 2561 454 2610 Suo
461 2562 558 2620 morio
567 2561 631 2622 porri
641 2564 718 2620 eunt,
727 2563 755 2608 ut
760 2558 864 2620 fugitivi
874 2562 948 2606 morte
958 2557 1091 2621 turpissimo
1102 2557 1171 2618 digni
1180 2558 1209 2606 de
1225 2571 1251 2606 oe
1259 2561 1349 2620 tropeo
1358 2559 1433 2608 armis

340 2623 439 2674 truditis
447 2625 565 2685 erigemd
574 2640 585 2682 ,·
601 2629 624 2672 et
634 2623 697 2672 acroi
708 2624 850 2685 imponerent
860 2622 919 2685 ipsis
928 2623 1058 2672 bominibus
1067 2621 1237 2682 iiberirjrgum
1246 2621 1342 2680 infame.

797 2766 975 2786 mm

341 2863 480 2913 Harlsolos
490 2864 699 2929 corrumpsit—3⁷
716 2866 790 2915 Lcid.
801 2871 826 2916 7.
838 2865 910 2915 delet
921 2865 1025 2923 Pisonis,
1035 2865 1122 2926 legens
1130 2878 1216 2925 mogoo
1226 2865 1343 2922 dedecore,
1354 2859 1441 2926 idque

340 2929 479 2977 'l'orreniur
490 2943 576 2978 verum
589 2935 678 2990 potat:
696 2931 757 2979 Vct.
770 2944 826 2978 curu
839 2931 966 2979 nonnullis
976 2929 1052 2979 codd.
1067 2929 1177 2977 Pisonum
1188 2929 1304 2976 dedecore·
1335 2927 1431 2977 ‘Forte

337 2989 401 3040 ferri
412 2999 509 3056 potest,
525 2993 546 3041 ri
558 2993 655 3041 Pisonis
664 2994 773 3042 dedecore
784 2995 869 3042 active
880 2991 1029 3055 intelligar!
1045 2993 1126 3055 Kopp.
1153 2993 1244 3055 Ultraj.
1256 2995 1280 3038 2.
1295 2993 1336 3040 sed
1346 3006 1431 3051 moeno

338 3055 435 3104 Pisonis
445 3056 657 3105 decora—mre
668 3057 764 3106 Brund.
782 3063 805 3107 l.
824 3062 849 3107 2.
867 3071 955 3106 omnes
973 3059 1080 3106 Torren.
1098 3064 1126 3106 et
1146 3055 1206 3105 edd.
1225 3061 1289 3104 vett.
1323 3055 1441 3118 Pighius*

337 3126 424 3168 tamen
436 3133 468 3168 ex
481 3120 570 3182 camp.
585 3121 660 3182 tegit:
678 3121 705 3168 id
715 3121 800 3182 egerit,
811 3127 838 3170 ut
850 3122 900 3184 qui,
910 3124 950 3184 tro.
983 3120 1085 3170 Deinde
1096 3121 1194 3183 aliquot
1210 3119 1285 3168 codd.
1304 3134 1360 3168 cnm
1369 3120 1431 3168 Vet.

337 3183 491 3243 dignissimo.-
508 3185 597 3246 Steplr.
615 3184 755 3244 digoirmm
773 3185 952 3245 fugitivi-39
970 3185 1001 3239 Q.
1024 3185 1127 3233 Messias
1150 3185 1243 3246 Copcs.
1264 3183 1314 3230 duo
1337 3183 1430 3231 Rheni.

335 3239 411 3294 Leid.
422 3251 445 3294 2.
457 3251 481 3296 6.
492 3251 516 3294 7.
533 3248 610 3296 Voss.
629 3251 653 3296 1.
670 3253 695 3296 2.
706 3249 768 3297 Vet.
789 3251 860 3310 Mag.
879 3250 1022 3297 etVenett.
1041 3255 1068 3296 et
1085 3247 1122 3296 ric
1142 3247 1167 3295 in
1187 3261 1232 3295 suo
1253 3245 1310 3295 cod.
1331 3246 1432 3308 reperit

336 3309 469 3359 Schottur.
502 3312 566 3360 'lum
577 3310 651 3359 rnulti
663 3311 739 3360 codd.
748 3327 806 3360 cum
817 3313 879 3361 Vct.
892 3313 1025 3372 exhibent,
1040 3313 1102 3372 opud
1116 3309 1240 3366 lbebioor,⁸
1256 3316 1284 3358 ct
1295 3310 1332 3358 sic
1349 3309 1431 3359 etiam

335 3373 362 3420 in
373 3373 431 3423 cod.
442 3374 551 3424 Schotti.
583 3375 684 3423 Deinde
694 3375 768 3423 Voss.
780 3379 803 3424 l.
819 3379 844 3423 2.
863 3389 928 3423 unus
944 3375 1034 3422 libem.
1054 3379 1081 3421 et
1092 3373 1186 3434 Ultraj.
1204 3377 1229 3420 2.
1249 3373 1365 3421 collocatis
1383 3404 1428 3423 ...

334 3437 474 3498 cohortibus,
485 3443 509 3486 ot
519 3453 550 3487 ex
560 3452 587 3486 eo
596 3453 619 3486 o.
630 3439 653 3485 ir.
665 3438 842 3499 reputata-ro
858 3439 900 3486 Ita
912 3439 1027 3501 plerique
1039 3435 1116 3484 codd.
1132 3436 1239 3496 petiisset
1257 3435 1282 3482 in
1301 3436 1372 3485 libris
1384 3437 1431 3485 irn-

335 3502 431 3573 pressis
441 3501 574 3550 omnibus:
591 3501 743 3550 Perizonius
754 3501 821 3562 conj.
832 3503 1037 3564 repetiisset—tl
1055 3498 1179 3561 copulam
1190 3503 1215 3547 ct
1225 3504 1285 3548 ante
1295 3502 1433 3562 corporibus

828 3642 935 3693 NOTAE

334 3777 427 3837 turma,
447 3773 509 3837 quid
532 3773 573 3822 als
605 3771 773 3836 funditorum,
803 3773 860 3837 quir
933 3780 943 3806 ¹
966 3772 1127 3836 Contrebiam]
1159 3773 1307 3823 Celtiberiae
1335 3772 1428 3823 civito-

334 3847 479 3898 Proesector
497 3849 622 3913 equiturn,
651 3847 756 3898 docebit
777 3848 811 3898 de
831 3864 860 3900 re
901 3853 1030 3912 temque
1043 3848 1247 3899 Ortelioeedem
1263 3856 1345 3899 cstac
1360 3849 1436 3898 Con:

334 3924 439 3973 militari
450 3923 604 3975 dissertatio.
899 3923 1007 3973 tobrica.

366 3997 442 4047 'Au
452 3999 491 4048 M.
502 4003 575 4048 3921.
603 3999 647 4049 Ol.
666 4002 721 4050 161.
739 4004 772 4049 4.·
791 4000 857 4051 Urb.
930 3999 1065 4063 'Repetere
1081 4002 1176 4052 eoadem
1196 3999 1331 4062 clebrem]
1358 3997 1426 4048 Cum

334 4067 429 4120 0⁶2⁰.
446 4071 509 4124 Ant.
520 4073 567 4124 Ch.
579 4078 642 4124 lea·
898 4090 985 4126 omnes
996 4078 1023 4126 in
1035 4080 1169 4143 procinctu
1184 4081 1339 4129 testamenta
1354 4074 1425 4127 fece-

364 4143 509 4208 amacura]
532 4149 725 4215 Macedonicus,
741 4153 786 4215 qui
803 4151 857 4202 bel·
898 4159 965 4214 rent,
979 4155 1051 4202 volnt
1062 4154 1094 4202 ad
1105 4161 1203 4203 certam
1221 4161 1328 4204 mortem
1345 4152 1426 4212 ituri;

334 4215 428 4264 lumin
439 4219 574 4286 Hispanis,
593 4230 620 4274 et
637 4226 742 4290 consol,
753 4231 781 4278 et
792 4226 857 4278 Pro·
896 4238 947 4273 non
962 4225 1102 4276 deterritus
1123 4227 1244 4278 Metellos
1261 4229 1317 4280 illor
1336 4226 1424 4278 redire

334 4292 523 4355 consurgeret.
795 4333 797 4338 -
893 4301 981 4364 jusrtr.
1014 4302 1165 4354 ltsrtorus.
