3432 5236
369 407 434 472 130

368 567 469 631 Jovis
492 562 570 644 Opt.
586 559 680 624 Max.
703 559 894 642 templo⁶⁵p
915 559 1041 622 eximia
1055 557 1140 621 facie
1166 578 1305 641 puerum
1328 561 1458 626 histrio-

367 675 465 731 nemi
486 664 529 727 ad
543 664 707 726 excubias
724 662 882 724 tenendas
897 661 1090 743 posuisset:
1101 659 1116 690 '
1138 659 1226 742 quod
1241 662 1366 726 lactum
1383 671 1460 746 post

367 769 494 848 aliquot
522 780 627 828 annos
664 763 823 827 mamona
855 764 1044 845 repetitum,
1079 759 1252 824 sacrificiis
1286 765 1458 845 expiatum

368 877 469 933 esur*

316 1018 327 1040 ,
408 969 463 1033 17.
487 966 650 1030 Hercules
665 975 820 1050 quoque*
834 967 991 1031 detractae
1006 966 1170 1046 religionis
1187 985 1256 1028 strae
1279 971 1311 1028 et
1326 986 1458 1048 gravem

320 1073 325 1084 '
366 1075 399 1134 ct
413 1070 624 1134 manifestam
635 1088 771 1151 poenam
784 1071 939 1152 exegisse
956 1069 1104 1132 traditur.
1129 1066 1308 1129 Nemeum
1324 1066 1460 1130 Potitiit

367 1190 536 1236 sacrorum
551 1169 624 1254 ejus
639 1171 737 1233 ritum
753 1190 864 1252 quem,
890 1188 952 1252 pro
976 1169 1064 1233 dono
1079 1167 1169 1250 genti
1194 1185 1307 1230 eorum
1325 1169 1367 1231 ab
1383 1170 1458 1250 ipso

366 1272 585 1354 assignatum,
602 1273 694 1336 velut
708 1271 960 1336 haereditarium
981 1271 1219 1344 obtinuerant,’⁸
1241 1275 1372 1333 auctore
1387 1268 1460 1352 Ap-

366 1375 448 1456 piou
471 1371 646 1452 censore:
668 1373 710 1437 ad
735 1375 859 1438 humile
885 1393 1056 1438 servorum
1076 1372 1296 1436 ministerium
1318 1379 1459 1436 baustu-

681 417 836 464 thlllill
863 415 1008 462 Maxim
1034 415 1105 462 ΜΒ.
1130 419 1152 462 l.

398 1565 417 1634 ᾖ
435 1558 503 1614 Quod
523 1560 595 1608 scelus
605 1564 737 1607 reuocatum
747 1559 773 1606 iu
784 1558 918 1607 mememoru
934 1561 988 1619 poet
998 1556 1088 1618 aliquot
1098 1569 1178 1618 uanos,
1191 1560 1321 1618 purgatum
1338 1560 1374 1604 est
1388 1557 1462 1604 sueri·

361 1621 493 1733 fialam
508 1700 560 1733 cum
571 1687 659 1735 Putitii
677 1687 837 1749 permisissent
855 1684 930 1733 seroie
948 1698 1060 1746 peregere
1079 1698 1147 1732 some
1165 1684 1240 1746 ipsias
1254 1684 1383 1732 Herculia.-
1400 1685 1460 1744 qued
1497 1685 1501 1692 '

364 1747 604 1862 rhrtgmuczbtffireole
620 1765 669 1798 sera
685 1750 753 1810 genti
771 1749 919 1809 assignatum
934 1763 977 1811 pro
995 1751 1055 1798 dotto
1073 1763 1163 1811 semper
1181 1749 1331 1798 obtinuerunt
1350 1753 1460 1810 tunquam

365 1977 422 2026 cod.
434 1989 481 2040 pro
491 1975 573 2038 templo
587 1972 683 2036 reperit
694 1979 759 2023 tmen
767 1989 776 2030 ,·
793 1973 853 2024 hinc
866 1973 958 2026 Heius.
969 1980 997 2024 et
1010 1975 1131 2024 Perizun.
1151 1975 1202 2038 legi
1215 1973 1320 2038 jubent,
1337 1975 1460 2024 theuto.—

858 2088 964 2137 NOTAE

323 2185 325 2189 ’
363 2207 422 2241 cum
434 2193 564 2254 caestibus,
580 2193 682 2255 pugnis,
699 2192 821 2255 fustibus,
837 2196 890 2258 gla-
930 2210 997 2243 anno
1006 2195 1085 2245 Urbis
1102 2199 1158 2244 389.
1171 2209 1203 2242 ex
1216 2194 1342 2243 Hetruria
1354 2195 1460 2256 accitos,

364 2267 421 2330 diis,
433 2268 501 2330 pilis,
512 2268 601 2329 hastis,
611 2271 658 2316 &a
677 2269 709 2317 ad
721 2284 797 2332 quam
811 2271 890 2331 perti·
931 2271 974 2332 qui
986 2270 1040 2317 sine
1051 2269 1164 2317 carmine
1176 2267 1228 2315 ullo
1239 2268 1271 2314 ad
1284 2269 1396 2319 tibicinis
1408 2285 1460 2318 mo·

363 2351 418 2406 aet,
435 2351 489 2392 tum
509 2344 652 2406 gladiatura
677 2350 731 2394 tum
759 2353 890 2393 certarnen
932 2342 978 2390 dos
992 2345 1126 2400 saltantes,
1142 2341 1209 2388 baud
1227 2341 1363 2394 indecoros
1375 2353 1460 2396 motus

364 2432 421 2466 cum
434 2417 532 2479 bestiis,
548 2431 656 2482 quornm
669 2426 806 2482 utrumqne
819 2418 891 2482 inge·

363 2495 420 2542 huis
442 2493 537 2542 infame
555 2492 621 2552 fnit;
639 2500 692 2541 tum
712 2493 790 2541 etiam
809 2494 890 2554 lucta,

364 2585 421 2619 cnm
435 2573 501 2619 alter
513 2571 622 2618 alterum
642 2583 686 2616 seu
707 2569 731 2616 ri
749 2583 796 2617 reu
818 2568 891 2630 agili·

363 2654 418 2694 tate
425 2648 539 2708 corporis
547 2646 615 2693 humi
625 2652 740 2692 sternere
748 2644 890 2693 nitebatur.

363 2721 463 2783 Altera,
491 2737 587 2770 cursus.
620 2721 709 2769 'l'ertia
735 2722 841 2771 saltatio
864 2722 890 2769 in

363 2809 436 2858 nequo
461 2811 562 2860 campo,
579 2805 623 2846 ant
643 2812 675 2845 ex
696 2796 814 2846 inferiori¹
834 2798 890 2846 loco

362 2871 395 2919 ad
415 2873 584 2935 superiorem,
602 2881 631 2923 et
646 2881 751 2922 contra:
770 2880 816 2922 aut
831 2889 890 2922 cuns

361 2948 388 2996 in
411 2963 487 3012 equos
510 2949 672 3010 insiliebant,
696 2951 738 2998 rel
764 2949 826 2997 uudi
849 2950 889 2997 vel

362 3025 530 3086 cataphracti.
565 3025 674 3084 Quarta,
692 3025 819 3088 jaculatio
840 3023 890 3073 dis-

361 3114 458 3162 corum,
469 3101 631 3162 sagittarum,
641 3103 760 3164 pilarum,
769 3103 889 3151 telorum.

361 3177 468 3233 Quinta,
481 3178 608 3239 equestris
622 3192 715 3240 pugna.
748 3179 837 3238 Sexta,
848 3193 890 3226 au·

361 3251 463 3314 rigatio,
487 3267 535 3315 qua
546 3252 613 3314 bigae
629 3253 795 3314 quadrigaevc
807 3260 889 3300 certa-

360 3327 432 3377 bant.
466 3329 592 3390 Septima,
604 3330 762 3389 naumachia,
779 3343 830 3392 qna
844 3344 889 3376 na·

361 3404 423 3450 ralis
434 3403 580 3450 certaminis
592 3404 693 3464 species
702 3404 879 3453 exhibebatur.

931 2431 1002 2465 more
1024 2417 1110 2465 Tirsco
1130 2416 1241 2464 dabant:
1259 2432 1369 2480 cumque
1388 2423 1459 2471 ludio

931 2493 1015 2542 Tusco
1024 2491 1147 2540 vocabulo
1156 2492 1287 2540 diceretur
1295 2493 1387 2553 bister3
1400 2497 1459 2545 inde

931 2568 962 2616 iis
974 2567 1101 2628 omuibus,
1113 2568 1157 2631 qui
1170 2568 1308 2629 personati,
1321 2576 1375 2617 tum
1388 2585 1461 2634 voce,

931 2650 985 2692 tum
1006 2644 1121 2705 corporis
1142 2648 1226 2706 gestu,
1244 2657 1290 2693 seu
1313 2647 1458 2696 Comoedias

930 2733 975 2768 seu
997 2717 1147 2782 Tragoedias
1174 2727 1291 2783 agerent,
1326 2722 1457 2770 histrionis

930 2809 1022 2846 nomeu
1034 2795 1133 2845 factum
1145 2803 1194 2846 est.

963 2872 978 2902 ⁵
994 2871 1047 2920 An.
1059 2871 1098 2921 M.
1116 2877 1189 2922 3833.
1223 2872 1265 2923 Ol.
1277 2879 1331 2926 1³9.
1343 2880 1366 2924 4.
1394 2875 1460 2926 Urb.

934 2949 1030 2999 0532
1059 2949 1232 3001 Anconae.

966 3026 1115 3092 rsacrificiis
1124 3030 1244 3091 expiatum
1255 3030 1300 3092 est]
1312 3029 1341 3077 In
1355 3043 1385 3076 eo
1397 3043 1456 3091 pec·

930 3108 1036 3152 caverat
1046 3104 1139 3163 Varro,
1157 3105 1223 3165 orrod
1236 3105 1267 3152 ad
1280 3105 1400 3154 excrrbias
1412 3121 1457 3169 po·

929 3177 1025 3227 suisset
1048 3186 1076 3226 et
1094 3179 1253 3238 histrionem,
1278 3180 1347 3243 qnod
1378 3197 1457 3244 genus

929 3251 1058 3302 hominum
1087 3251 1191 3315 infame,
1220 3261 1247 3302 et
1268 3255 1361 3304 eximia
1388 3256 1457 3308 facie

930 3341 1046 3391 puerum,
1062 3342 1139 3392 aquo
1156 3342 1213 3377 cum
1231 3330 1286 3391 ipse
1302 3338 1355 3380 tum
1377 3349 1456 3398 popu.

930 3405 969 3453 lus
981 3397 1068 3467 pdsset
1077 3404 1108 3451 ad
1120 3404 1251 3452 libidinem
1262 3405 1375 3458 incitari.

392 3485 404 3509 ⁰
420 3479 519 3542 AEuttir]
534 3480 599 3530 Quae
610 3478 690 3529 inerit
702 3482 755 3528 naec
767 3481 888 3544 dignitas,

360 3551 385 3598 in
401 3553 597 3615 Magistratibus
615 3555 785 3603 Romanorum
805 3557 888 3618 expli·
930 3556 1065 3617 Hercules,
1082 3558 1194 3622 quidque
1213 3559 1305 3624 singuli
1318 3565 1456 3628 gesserint,

361 3627 471 3675 culmus.
928 3631 1020 3682 fabulis
1032 3636 1201 3683 notissimum.

385 3704 734 3767 ertsOpt.1t1ax.eempto]
750 3705 888 3769 Capitolio.
960 3710 967 3740 i
985 3707 1082 3772 Potitii]
1099 3711 1139 3758 De
1159 3711 1261 3762 Potitiis
1282 3715 1308 3764 iu
1327 3711 1453 3766 Romano-

358 3778 463 3842 Jupiter
485 3779 518 3828 ob
542 3778 677 3841 beneficia,
703 3781 827 3843 optimus,
856 3785 887 3833 ob
928 3800 982 3833 rum
993 3786 1151 3836 Sacerdotiis
1164 3791 1268 3852 egimus.

360 3853 422 3915 vim,
439 3855 569 3904 Maximus
581 3856 685 3906 dicitur.
958 3869 970 3892 ¹¹
981 3863 1084 3912 Auctore
1092 3864 1180 3927 Appio]
1193 3865 1312 3927 Claudia,
1322 3868 1364 3930 qui
1376 3869 1454 3932 vulgo

390 3937 402 3969 ‘1
422 3930 580 3994 Histriouem]
598 3933 665 3981 Sunt
681 3934 722 3997 qui
738 3934 886 3984 histrionem
926 3939 1018 3988 Cacus
1040 3941 1143 4004 dicitur,
1167 3943 1260 4005 quique
1281 3951 1307 3991 et
1326 3959 1405 3993 senex
1425 3956 1453 3997 et

358 4002 391 4050 sb
409 4005 486 4053 lstrin
503 4007 600 4055 dictum
621 4016 728 4071 putent:
746 4011 824 4074 quod,
843 4011 884 4072 qui
925 4029 1009 4063 caccus
1021 4023 1110 4078 turpes
1122 4019 1193 4080 pacis
1205 4033 1263 4066 cum
1276 4019 1376 4082 Pyrrho
1392 4035 1452 4071 con-

358 4078 455 4135 primns
468 4081 556 4130 Romae
569 4086 695 4135 scenicam
714 4095 794 4134 artem
811 4101 885 4135 exer·
925 4088 1035 4137 ditiones
1043 4092 1158 4139 oratione
1168 4107 1214 4139 sna
1222 4093 1348 4145 discnssit.
1360 4097 1401 4145 De
1409 4098 1452 4148 illo

961 3491 970 3514 ⁸
995 3485 1107 3532 Herculis
1128 3483 1228 3546 qunque]
1257 3485 1328 3536 (tuot
1356 3487 1456 3538 tuerint

359 4151 422 4209 cuit,
435 4155 467 4200 ab
479 4155 559 4205 istria
570 4164 684 4221 venerit3
704 4165 786 4210 verius
799 4171 884 4210 tamen
925 4163 999 4224 plura
1015 4166 1130 4224 reperies
1150 4166 1175 4212 iu
1187 4167 1351 4220 Claudiorum
1364 4181 1451 4236 gente.
1542 4154 1554 4172 Ἄ

359 4224 446 4274 Livius
468 4227 511 4276 lib.
534 4244 585 4280 vn.
619 4242 729 4284 testatur
759 4235 884 4284 erdiones
924 4251 928 4262 ’
957 4239 1454 4310 'Cernere]ConsuleMagistratnsRo·
