3210 5158
481 419 561 466 etr.
578 420 611 466 v.
635 422 683 470 nn
707 416 968 482 vunnouunru.
1194 415 1269 479 ’465

630 704 735 770 CAP.
765 705 807 770 V.

513 899 576 965 DE
600 895 929 971 VERECUNDIA.

194 1099 206 1146 l
226 1098 319 1162 Populi
333 1095 446 1146 Romani.
757 1105 775 1149 o
792 1102 821 1151 C.
833 1103 896 1154 Julii
908 1103 1166 1158 cesartsdicrarorts.

192 1166 209 1210 2
226 1162 382 1211 C.Terentii
395 1161 516 1211 Varronis
529 1162 588 1214 Coe.
1069 1217 1072 1222 Δ

193 1229 208 1272 3
227 1226 256 1274 C.
269 1227 378 1276 Cicereii
389 1224 527 1275 candidati.
905 1215 1106 1254 mmmm·

193 1293 214 1351 ⁴,
226 1289 256 1337 L.
268 1290 358 1338 Licinil
371 1290 455 1340 Crassi
468 1289 608 1338 candidati.
762 1293 773 1335 1
792 1287 910 1350 Spurinte
921 1287 1053 1340 Hetrusci.

193 1357 208 1400 ὅ
226 1352 256 1403 C.
268 1354 386 1417 Pompeii
397 1353 488 1414 Magni
501 1365 600 1413 procos.
759 1354 775 1397 2
794 1351 949 1414 Legatorum
959 1353 1154 1416 Spartanorum.

223 1557 366 1633 Aoum
390 1557 608 1639 tempestivus
631 1557 676 1621 ad
703 1555 932 1621 verecundiam
954 1559 1113 1622 transitus
1130 1561 1268 1626 videtur.

180 1659 268 1724 Haec
283 1659 370 1722 enim
380 1659 581 1742 justissimis
595 1659 675 1722 viris
689 1658 860 1742 praecepit,
876 1666 914 1721 ut
929 1659 1078 1740 privatas
1093 1659 1268 1728 facultates

178 1760 386 1842 negligerent,
411 1760 563 1841 publicas
586 1780 688 1842 quam
712 1759 963 1842 amplissimas²
994 1779 1067 1824 esse
1096 1770 1266 1846 cuperent.

180 1861 294 1942 Digna
306 1862 362 1924 eui
377 1861 516 1943 perinde
532 1866 655 1945 atque³
679 1860 808 1926 coelesti
822 1861 948 1924 numini
964 1865 1173 1926 exstruantur
1188 1867 1269 1926 tem-

179 1961 245 2042 pla,
259 1981 392 2044 araeque
406 1970 655 2028 consecrentur:
677 1962 758 2044 quia
783 1980 906 2043 pareus
931 1967 984 2024 est
1008 1963 1116 2026 omnis
1138 1964 1268 2030 honesti

179 2061 322 2136 consilii,
337 2062 442 2126 tutela
457 2063 643 2127 solennium
657 2061 869 2139 offi.ciorum‚⁴
889 2062 1048 2143 magistra
1062 2064 1269 2141 innocentiae,
1360 2140 1364 2150 Ι

180 2180 258 2226 cara
271 2164 447 2245 proximis,
469 2169 613 2246 accepta
628 2163 756 2239 alienis,
780 2164 870 2227 omni
882 2164 972 2240 loco,
987 2165 1097 2229 omni⁵
1121 2171 1269 2249 tempore

179 2251 399 2330 favorabilem
411 2284 480 2348 pree
500 2285 536 2328 se
550 2265 661 2330 serens
672 2265 808 2329 vultum.

222 2367 253 2429 1.
276 2366 342 2430 Sed
358 2374 396 2431 nt
421 2387 441 2431 a
466 2367 623 2432 laudibus
638 2366 714 2449 ejus
728 2365 769 2428 ad
785 2365 877 2429 faeta
891 2365 1074 2443 veniamus,
1097 2386 1118 2429 a
1133 2368 1270 2431 condita

181 2464 273 2531 Urbe
290 2487 394 2551 usque
410 2468 453 2533 ad
467 2466 689 2543 Africanum,²
710 2470 744 2529 et
765 2466 819 2529 Ti.
836 2465 986 2546 Longum
1009 2464 1106 2529 Coss
1130 2467 1270 2547 promis-

181 2587 263 2632 cuus
279 2571 408 2633 senatui
424 2575 458 2632 et
473 2568 600 2651 populo
614 2568 871 2650 spectandorum
892 2567 1048 2631 ludorum
1063 2568 1158 2631 loeus
1180 2573 1268 2629 erat:

180 2686 348 2750 nunquam
364 2676 471 2732 temen
487 2671 659 2750 quisquam
678 2688 723 2731 ex
749 2669 848 2750 plebe
872 2681 949 2731 ante
965 2668 1084 2732 Patres
1099 2668 1269 2751 conscrip-

182 2765 257 2830 tos⁶
278 2767 314 2830 in
343 2768 469 2833 theatro
498 2776 648 2853 spectare
677 2771 845 2832 sustinuit.
899 2769 995 2832 Adeo
1025 2770 1270 2850 circumspecta

182 2872 306 2932 nostrae
331 2869 479 2934 civitatis
497 2868 697 2934 verecundia
719 2867 810 2932 fuit.t
854 2867 942 2945 Quae
965 2869 1098 2950 quidem
1125 2871 1269 2934 certissi-

216 3161 228 3205 1
249 3158 328 3220 Equo
337 3159 434 3208 Venet.
445 3164 469 3209 l.
482 3157 562 3208 Aldd.
574 3157 681 3208 docens.
693 3164 720 3208 et
730 3158 788 3208 aliae
797 3157 857 3207 edd.
869 3163 930 3207 ante
942 3155 1077 3220 Pighiom:
1095 3155 1116 3205 A
1129 3171 1174 3219 quo
1193 3158 1269 3208 codd.

184 3236 242 3271 cum
250 3223 313 3272 Vet.
325 3229 352 3271 et
360 3223 481 3285 Mem-2
498 3223 573 3272 Harl.
585 3232 613 3271 et
624 3223 717 3286 Ultraj.
730 3228 752 3273 l.
760 3224 909 3284 petitioneque
919 3223 1087 3284 amplissime:
1097 3220 1175 3269 Barb.
1184 3225 1205 3268 l.
1213 3223 1273 3284 prb-

182 3285 240 3338 licm
249 3301 325 3348 mom,
337 3286 369 3336 al.
380 3301 439 3350 qne:
457 3287 482 3335 in
495 3286 569 3336 Leto.
580 3292 603 3337 t.
614 3301 683 3348 mom
694 3287 793 3335 recenti
804 3301 880 3334 menn
891 3286 1095 3348 superscriptum
1111 3289 1210 3333 eet-8
1226 3285 1270 3336 ste

182 3350 367 3412 propemodum
379 3365 467 3400 omnes
478 3350 554 3400 codd.
567 3365 624 3400 enm
634 3351 694 3398 Vet.
706 3358 733 3400 et
743 3351 815 3412 Meg.
827 3347 873 3398 sed
882 3351 988 3398 Veneti.
998 3348 1103 3396 Mediol.
1116 3351 1165 3398 dre.
1175 3348 1272 3398 habent

181 3411 279 3474 perinde
288 3419 374 3463 rra—4
391 3414 464 3463 Harl.
476 3421 504 3464 et
515 3415 587 3464 Leid.
600 3419 623 3462 l.
635 3415 707 3462 tutelo
717 3415 820 3463 omnium
833 3415 988 3462 eobnaiontm
1003 3412 1146 3477 officiorum:
1163 3412 1235 3462 beid.
1247 3417 1271 3462 7.

182 3476 257 3524 tutelo
267 3478 369 3525 omnium
378 3478 425 3542 (al.
436 3477 578 3541 solennium)
588 3479 771 3542 officiorum—5
788 3477 884 3540 Ultrni.
900 3482 921 3527 l.
932 3477 1046 3538 omnique.
1079 3477 1195 3527 Qnutuor
1206 3478 1270 3526 Mes.

181 3553 233 3652 pr}
242 3540 413 3654 sffloefgrm'
420 3541 723 3668 tingetulgrrezinfficute
733 3540 986 3656 ⁰⁰⁰ji⁰itivss¹essi⁰¹f
997 3540 1129 3654 em
1136 3539 1272 3653 prosperan&

184 3628 214 3638 —
287 3619 322 3653 t.
351 3620 446 3668 .expe
537 3621 613 3655 ere
668 3619 839 3655 resonarem-
896 3620 950 3655 er.
984 3635 991 3650 .
1129 3618 1213 3652 amru

675 3765 783 3818 NOTAE
881 3719 900 3754 θ

217 3899 229 3925 ⁸
242 3891 520 3956 Usqueoddfriconmu]
531 3895 599 3943 Dum
610 3895 708 3944 AEdiler
749 3895 872 3944 subsellia
887 3894 1039 3944 Senatorum
1057 3898 1217 3957 separarent,
1232 3893 1272 3941 uti

188 3967 295 4017 cnrules
314 3967 344 4016 C.
362 3967 470 4017 Attiliuo
486 3968 612 4017 Serranus
630 3977 658 4018 et
677 3971 708 4018 L.
749 3977 854 4018 narrant
867 3969 950 4019 Cicer.
962 3969 1018 4018 Lir.
1031 3976 1058 4019 et
1070 3968 1206 4018 Prdiauru.

186 4040 334 4092 Scribonius
343 4042 407 4093 Libo
416 4043 557 4106 Megalesia
568 4043 642 4093 ledor
653 4058 708 4094 see·
781 4045 796 4074 '
812 4045 864 4094 Au.
875 4045 913 4094 Μ.
925 4048 997 4096 3860.
1025 4045 1068 4095 01.
1086 4049 1179 4094 llud.
1208 4043 1270 4096 Urb.

187 4112 258 4165 nicos
285 4127 416 4180 pararent,
443 4118 597 4168 (laesoribus
618 4127 710 4170 auctor
750 4119 847 4172 0⁵59.
876 4119 1061 4170 detentae.

188 4185 237 4239 fnit
256 4188 352 4253 Scipio,
369 4198 397 4241 nt
417 4208 431 4242 a
450 4193 569 4257 populari
588 4209 709 4246 consessu

250 4265 337 4332 Delpb.
344 4277 368 4321 el
378 4271 437 4323 Ver.
448 4273 512 4322 Cloe.
664 4275 716 4326 Vol.
725 4275 796 4326 Max.
1149 4281 1164 4325 2
1182 4277 1207 4324 G
