3266 5174
339 395 403 462 274
649 407 802 458 rmnrrnrr
826 385 972 472 irnxrru
998 409 1067 458 mn.
1092 409 1131 455 ιι.

340 557 511 624 serotiens
526 552 662 638 objecit.
705 550 832 615 Eadem
854 549 974 615 civitas
997 551 1185 616 severitatis
1209 557 1324 618 custos
1339 571 1431 618 acere

339 663 422 726 rima
436 666 503 722 est:
525 656 648 721 nullum
663 654 790 718 aditum
807 653 839 715 in
854 671 987 720 saonam
999 653 1022 689 ¹⁸
1046 652 1161 718 Mimis
1183 654 1325 732 dando,¹¹²
1349 675 1432 738 quo·

337 783 408 828 rum
423 765 616 842 argumenta
629 757 756 840 majore
771 774 815 820 ex
830 761 926 838 parte
942 762 1129 837 stuprorum
1141 758 1307 820 continent
1316 766 1413 824 aetus
1419 779 1431 842 3

337 883 378 928 no
392 862 475 926 talia
490 860 662 942 spectandi
678 858 884 923 consuetudo
898 858 1001 921 etiam
1016 857 1168 920 imitandi
1189 856 1359 923 licentiam
1375 880 1430 924 su·

333 971 418 1028 mat.
462 961 627 1026 Omnibus
641 964 763 1036 autem,
779 960 836 1042 qui
851 979 913 1042 per
927 959 1075 1041 aliquam
1097 958 1267 1039 religionis
1292 959 1430 1034 simula·

337 1067 460 1132 tionem
476 1065 634 1129 alimenta
647 1063 774 1127 inertiae
791 1067 952 1146 quaerunt,
961 1063 1096 1126 clausas
1110 1067 1226 1145 portas
1241 1062 1383 1139 habet,¹⁹
1394 1072 1429 1128 et

335 1161 529 1234 mendacem
554 1170 587 1230 et
611 1165 764 1228 fuoosam
781 1165 1054 1246 superstitionem
1067 1162 1339 1227 summovendam
1353 1183 1429 1230 esse

337 1268 546 1333 existimans.
590 1264 743 1330 Ceterum
759 1283 779 1328 a
795 1265 933 1358 condita
949 1263 1041 1328 Urbe
1056 1263 1191 1346 gladius
1204 1270 1261 1332 ,est
1283 1265 1344 1341 ibi,
1360 1285 1429 1349 quo

334 1371 428 1434 noxii
438 1369 649 1452 jugulantur:
671 1367 822 1448 rubigine
838 1368 971 1449 quidem
988 1386 1124 1444 exesuS,
1139 1373 1173 1430 et
1187 1367 1246 1430 vix
1262 1365 1427 1440 sufficiens

329 1472 527 1546 ministerio,
541 1469 600 1534 sed
615 1469 719 1535 index
733 1470 768 1532 in
782 1470 927 1554 minimis
946 1488 1080 1554 quoque
1100 1469 1198 1533 rebus
1222 1469 1332 1561 omnia
1342 1470 1427 1538 auti-

335 1593 411 1656 quae
426 1572 676 1637 consuetudinis
691 1570 1118 1640 monumenta.servanda.²⁰

377 1675 467 1739 Duae
482 1675 584 1738 etiam
598 1682 675 1740 ante
689 1680 805 1758 portas
828 1694 941 1738 eornm
966 1693 1054 1738 arcae
1073 1673 1208 1756 jacent:
1231 1673 1345 1753 altera,
1360 1692 1427 1758 qun

333 1775 529 1856 liberornm3
551 1777 749 1859 alteraque
771 1796 940 1842 servorum
956 1795 1100 1858 corpora
1116 1775 1159 1838 ad
1175 1774 1352 1858 sepulturae
1375 1774 1426 1840 lo-

334 1897 411 1942 cum
425 1879 578 1961 plaustro
592 1877 793 1953 devehuntur
809 1900 817 1942 :
843 1879 915 1942 sine
940 1878 1187 1953 lamentatione,
1202 1877 1274 1940 sine
1289 1876 1428 1958 planctu

332 1979 442 2044 luctus
456 1979 577 2044 saneris
593 1981 685 2059 die,²¹
709 1980 895 2046 domestico
910 1978 1302 2062 sacrificio,'adjeotoque
1314 1983 1427 2042 neces·

333 2083 498 2146 sariorum
511 2083 678 2161 convivio,
693 2082 829 2148 linitur.⁴
859 2083 988 2148 Etenim
1003 2082 1085 2165 quid
1100 2081 1227 2158 attinet,
1240 2083 1298 2143 out
1311 2079 1427 2144 huma·

363 2281 374 2306 ‘
389 2276 482 2326 Laetus
492 2279 631 2328 terminatur
642 2279 681 2328 die
686 2278 790 2339 sanem,
801 2279 919 2343 sacrificio
928 2278 1064 2340 domestica,
1074 2282 1097 2327 et
1107 2277 1212 2327 eonoinia
1221 2277 1358 2341 amicornm,
1373 2275 1423 2326 sine

290 2391 292 2396 ,
330 2337 378 2386 tilla
387 2341 491 2405 planata,
502 2347 525 2391 et
536 2343 645 2402 tinentia
655 2343 830 2392 lamentatione.

791 2465 966 2486 cmm

329 2549 402 2612 Mag.
420 2549 558 2597 rescindere.
591 2546 657 2594 Tres
675 2545 827 2595 Torreniani
847 2544 925 2593 etiam
944 2544 1050 2605 habent,
1073 2549 1303 2607 comanerent-18
1323 2545 1424 2597 Novem

329 2612 405 2662 codd.
425 2613 449 2662 in
469 2627 545 2661 arena.
578 2610 643 2659 Mox
664 2616 771 2671 stuprum
793 2611 819 2659 in
840 2609 914 2657 Harl.
933 2616 961 2658 et
983 2610 1069 2659 Bitnr.
1087 2615 1111 2659 1.
1133 2611 1266 2672 speculandi
1283 2615 1424 2660 consuetudo

327 2675 421 2726 Rhem.
434 2682 457 2725 1.
469 2681 493 2724 2.
507 2681 531 2725 8.
542 2674 688 2738 aspectandi
699 2674 858 2737 Copta—19
874 2673 991 2721 Perizon.
1003 2682 1031 2723 et
1041 2674 1103 2723 Vet.
1117 2675 1202 2723 taient
1215 2708 1221 2722 .
1233 2708 1239 2722 .
1251 2709 1257 2723 .
1269 2673 1425 2724 existimant:

328 2738 418 2786 Rhem.
431 2743 489 2788 1.2.
501 2743 525 2788 8.
537 2745 564 2789 et
577 2739 661 2788 Bitur.
675 2743 698 2787 1.
715 2737 801 2787 natent
820 2769 860 2787 ...
877 2737 1055 2787 επίειίπιαηῑιεε
1071 2739 1166 2800 Ultraj.
1179 2743 1202 2787 1.
1218 2738 1287 2787 labet
1300 2772 1307 2786 .
1318 2774 1325 2788 .
1338 2772 1344 2788 .
1361 2739 1426 2788 exis-

327 2801 473 2850 timat-20
489 2804 560 2865 Mog.
571 2807 686 2852 momenta
696 2802 821 2859 servandi5
836 2801 931 2864 Vurgg.
941 2804 1193 2851 mamentasereanda:
1202 2803 1264 2851 Vet.
1276 2810 1424 2854 monumenta

326 2867 475 2930 sesnandum,
493 2867 620 2930 probante
632 2868 741 2916 Colere:
760 2865 870 2927 Herbip.
881 2865 1023 2915 monimenta
1036 2881 1129 2915 serame
1146 2867 1228 2916 debet:
1246 2867 1319 2916 Leid.
1331 2873 1355 2916 5.
1374 2883 1424 2916 rno-

326 2933 599 2991 nnmentaseroantinm,
614 2946 651 2980 sc.
671 2931 946 2980 Massiliensium—21
963 2930 994 2986 In
1012 2932 1129 2980 omnibns
1150 2930 1227 2980 codd.
1244 2931 1340 2992 legitur
1357 2932 1423 2982 dies:

325 2993 445 3042 Perizon.
466 2996 546 3057 legit:
562 2997 706 3045 devehuntur
724 2997 775 3045 eine
793 2997 810 3044 l.
829 3011 849 3044 s.
865 2994 972 3057 plancta.
1006 2995 1108 3044 Funeris
1124 2995 1183 3056 dies,
1200 2998 1241 3058 ise.
1275 2995 1351 3046 Harl.
1370 2997 1422 3060 sim

321 3059 519 3123 planctnsameris
527 3061 591 3112 dies:
608 3060 707 3109 Medic.
719 3063 743 3110 2.
759 3060 852 3122 sineqrae
861 3059 956 3120 planctu
962 3058 1058 3120 saneris
1069 3061 1133 3109 dies:
1150 3061 1210 3108 Vet.
1220 3059 1292 3123 Mog.
1304 3063 1353 3110 dre.
1369 3060 1422 3110 sine

322 3124 421 3184 punam
438 3126 513 3172 limnas
523 3125 619 3183 funeris
635 3126 700 3174 dies:
717 3126 763 3173 rin
781 3125 838 3173 aliis
858 3122 987 3172 omittitur·
1006 3126 1097 3182 taatm;
1114 3123 1159 3172 alii
1178 3123 1268 3172 delent
1283 3125 1377 3186 planata
1394 3131 1423 3173 et

324 3185 428 3248 legunt:
446 3189 496 3236 sine
506 3190 586 3247 lactu,-
603 3189 907 3251 incommutatum
920 3188 1016 3248 sannis
1031 3189 1096 3244 diem·
1114 3187 1171 3242 alil:
1190 3188 1242 3236 sine
1258 3189 1354 3236 tament.
1370 3189 1422 3237 sine

321 3250 429 3314 planetu,
445 3253 495 3300 sine
504 3253 577 3300 luctu.
611 3252 677 3300 Haec
689 3254 785 3313 largam
797 3251 870 3300 nobis
882 3253 1016 3302 materiam
1027 3251 1211 3315 disputationis
1228 3251 1345 3313 praebere
1356 3267 1421 3364 Fos-

323 3322 393 3364 sent.
426 3315 582 3364 Atnolohis
602 3316 697 3364 diutins
714 3315 849 3372 inhaerere,
864 3314 909 3362 sed
929 3329 1012 3364 meam
1032 3316 1118 3367 statim
1138 3317 1291 3366 sententiam
1307 3330 1354 3379 pro
1368 3331 1420 3366 ero.

324 3377 368 3426 Sic
380 3379 460 3440 legor,
469 3379 573 3440 plaustro
592 3379 744 3440 devehantur,
762 3378 812 3426 sine
830 3379 1004 3439 lamentatione,
1019 3379 1071 3427 sine
1088 3379 1192 3441 ennea.
1225 3378 1314 3428 Leuctris
1325 3379 1421 3440 saneris

323 3441 371 3505 die,
387 3441 437 3506 tra!
454 3442 541 3505 Kapp.
574 3442 646 3491 Leid.
657 3448 682 3490 5.
693 3444 769 3490 tactas
778 3441 875 3500 sanni
885 3443 950 3500 ‹liei,·
966 3441 1012 3490 sed
1029 3442 1157 3504 posterius
1172 3442 1183 3490 i
1198 3450 1294 3505 puncto
1305 3451 1418 3496 notatur.

323 3505 388 3554 Mon
399 3505 536 3555 duodecim
547 3505 624 3560 codd.
636 3520 694 3564 cnm
705 3507 767 3564 Vet.
776 3505 903 3566 additoque
910 3520 920 3563 ;
937 3511 991 3554 tres
1004 3519 1062 3554 cum
1073 3506 1143 3568 Meg.
1160 3506 1286 3570 aditionem
1301 3509 1375 3559 Leid.
1394 3515 1420 3558 5.

323 3568 420 3620 Medio.
430 3575 455 3621 ti.
470 3578 498 3621 et
509 3570 560 3620 duo
572 3569 625 3632 alii,
641 3569 799 3633 adhibitoque,
816 3569 885 3632 qnod
905 3582 956 3617 non
976 3569 1098 3633 displicet
1107 3570 1240 3620 Turranio.
1272 3572 1348 3624 Voss.
1357 3573 1418 3638 finit

815 3694 925 3746 NOTAE

322 3792 391 3854 enim
412 3792 512 3843 AEoliee
531 3797 572 3844 est
591 3791 702 3854 religare,
719 3796 748 3839 et
765 3789 851 3855 mets,
889 3792 938 3842 bus
950 3793 1038 3842 amicti
1054 3799 1082 3843 et
1100 3794 1196 3846 tunicis
1208 3795 1266 3845 elbo
1277 3791 1416 3844 distinctis.
1503 3801 1505 3806 '

134 3889 137 3894 ¹
225 3901 228 3907 ·
318 3867 432 3928 putator.
890 3867 946 3916 Illis
964 3869 1069 3919 solenne
1080 3869 1200 3924 suiacum
1212 3867 1340 3928 canistris,
1356 3868 1415 3918 her-

353 3943 562 4008 mritimisdanda]
574 3945 648 3995 Mimi
660 3945 693 3996 ab
704 3945 849 3995 imitatione
889 3942 937 4006 bis,
953 3942 1061 4008 hedera,
1077 3947 1161 4009 violis,
1178 3943 1279 3994 corallis
1297 3943 1324 3990 ln
1336 3942 1414 3994 hono·

320 4025 414 4063 nomen
431 4017 538 4067 habent.
578 4020 652 4070 Sient
673 4029 702 4078 et
723 4023 848 4071 cothurno
888 4035 943 4068 rem
954 4021 1051 4071 Bacchi
1067 4022 1100 4070 ad
1116 4034 1249 4069 nnmerum
1266 4019 1371 4084 saltare,
1386 4031 1415 4074 et

320 4087 436 4152 'l'rnssici
460 4099 488 4142 et
511 4095 627 4144 Comoedi
649 4111 735 4160 socco,
761 4100 799 4146 ita
820 4103 847 4146 et
887 4096 1151 4158 indeprocurrentes,
1168 4092 1270 4144 obvium
1286 4109 1435 4165 quemquo!

320 4159 396 4210 Mimi
418 4166 491 4214 nudis
512 4170 622 4229 pedibus
643 4173 768 4234 agebant;
794 4179 846 4220 nun
887 4171 1054 4220 subsannare.

319 4238 459 4304 personati,
476 4240 522 4288 sed
541 4242 615 4292 obliti
631 4243 756 4308 fuligine,
772 4245 845 4306 pelli·
