3266 5174
423 407 505 456 cnr.
522 406 571 451 vr.
594 406 644 452 ou
671 404 862 454 exeremus
886 406 1111 460 rusrrrurrs.
1251 397 1316 464 275

216 569 262 614 no
278 549 388 615 dolori
401 549 605 632 indulgeri,²¹
620 554 678 612 aut
687 549 800 614 divino
814 552 941 615 numini
955 553 1115 617 invidiam
1128 554 1210 632 fiori,
1221 559 1312 640 quod

218 652 501 716 immortalitatem
518 669 611 713 suam
626 651 802 714 nobiscum
815 654 935 735 partiri
949 654 1115 718 nolueriti
1139 653 1324 723 Venenum·

218 753 326 817 cicuta
340 758 558 836 temperatum
573 751 607 814 in
621 771 662 814 ea
683 751 822 816 civitate
847 754 984 835 publice
1003 755 1202 834 custoditur,
1218 759 1311 838 quod

218 854 315 919 datur
328 855 369 932 ei,
391 855 454 937 qui
479 872 600 918 causas
625 853 866 916 Sexcentis²³¹¹
884 851 935 938 (id
959 855 1045 917 euim
1070 855 1212 920 Senatus
1238 861 1312 943 ejus

216 974 336 1018 nomen
346 953 412 1039 est)
423 955 588 1031 exhibuit,
606 961 841 1037 propterquas
852 969 943 1020 mors
954 957 1001 1020 sit
1015 957 1065 1021 illi
1076 959 1314 1040 expetendae*

218 1057 403 1138 cognitione
425 1058 513 1122 virili
534 1057 765 1123 benevolentia
791 1064 989 1142 temperata,
1016 1079 1091 1142 quae
1116 1079 1177 1124 nec
1201 1062 1313 1142 egredi

215 1157 285 1221 vita
301 1165 424 1223 temere
438 1157 591 1242 patitur!
601 1162 633 1222 et
642 1159 811 1241 sapienter
822 1161 988 1225 excedere
1004 1161 1154 1244 cupienti
1170 1161 1313 1228 celerem¹

214 1259 276 1351 fati
290 1261 380 1326 viam
395 1263 544 1345 praehet3
559 1266 596 1325 ut
610 1261 665 1326 vel
680 1261 827 1339 adversa,
845 1261 900 1325 vel
914 1281 1079 1345 prospera
1092 1263 1190 1328 nimis
1203 1274 1313 1331 usus²5

212 1362 346 1428 fortuna
357 1362 516 1449 (utraque
532 1365 620 1427 enim
646 1361 780 1427 finiendi
796 1357 1037 1445 spirituspilla,
1055 1384 1098 1427 ne
1113 1373 1313 1452 perseveret,

213 1463 297 1541 haec,
310 1484 353 1528 ne
368 1465 537 1542 destituat,
553 1465 715 1528 rationem
730 1463 928 1548 praebuerit)
940 1463 968 1504 ²⁶
983 1466 1200 1549 comprobato
1216 1470 1312 1536 exitu

214 1566 432 1630 terminetur.⁸

256 1668 289 1732 8.
312 1665 423 1744 Quam
451 1669 724 1734 consuetudinem
756 1668 1023 1732 Massiliensium
1049 1687 1114 1733 non
1135 1669 1171 1732 in
1199 1669 1312 1736 Gallia

213 1777 331 1848 ortum,
346 1770 407 1833 sad
420 1789 439 1834 e
451 1769 587 1835 Graecia
597 1779 623 1820 ²⁷
647 1772 842 1836 translatam
851 1772 928 1835 inde
938 1771 1108 1848 existimo,
1118 1771 1206 1852 quod
1218 1772 1310 1837 illam

211 1873 315 1937 etiam
345 1870 518 1934 ininsula
543 1871 635 1936 Gea⁰
657 1874 784 1937 servari
813 1871 1045 1948 animadverti,
1071 1891 1137 1956 quo
1160 1879 1310 1953 tempore

238 2092 256 2136 s
268 2095 422 2152 Mortuerum
432 2095 473 2159 qui
486 2093 590 2144 uiriliter
605 2093 666 2143 mori
681 2093 788 2156 cupiant,
804 2099 839 2144 eet
849 2097 980 2158 temperate
996 2093 1153 2146 benevolentia
1163 2094 1273 2155 judicum
1285 2099 1308 2144 ct

211 2173 310 2272 “vingt
320 2223 361 2285 qui
369 2223 406 2270 uei
414 2221 584 2286 runtfortunu,
594 2224 631 2271 oet
647 2221 719 2271 nimie
730 2223 838 2281 mamea,
849 2224 887 2272 oei
903 2223 976 2273 nimie
990 2238 1110 2288 prospero,
1127 2224 1246 2274 intereunt
1257 2227 1306 2273 tou·

211 2287 288 2336 dendo
298 2287 382 2336 mortis
389 2301 484 2350 genere.

668 2411 848 2432 'conuentu

126 2512 129 2518 '
210 2529 257 2578 pro
266 2513 431 2580 finitura-22
448 2517 490 2565 Ita
502 2514 609 2578 Pighius
621 2528 655 2563 ex
666 2515 741 2564 codd.
753 2515 833 2577 antiq.
854 2518 881 2561 et
898 2511 935 2561 sic
949 2512 1046 2561 Brund.
1059 2516 1083 2561 1.
1095 2516 1119 2563 2.
1129 2514 1234 2561 Torren.
1246 2512 1309 2562 vet.

210 2579 284 2641 Mog.
294 2581 389 2630 venet.
399 2580 508 2629 Medici.
526 2587 553 2628 et
563 2579 675 2642 Herbip.
691 2581 748 2642 quid
765 2581 853 2627 attinet
870 2577 895 2624 h.
909 2579 934 2626 d.
950 2577 1073 2639 indulgere
1092 2577 1153 2625 Ald.
1173 2577 1261 2626 Chalc.
1282 2583 1310 2626 et

209 2642 371 2707 Vulgg.—-23
389 2644 454 2693 Cod.
467 2643 547 2692 Basil.
559 2658 600 2705 ap.
613 2643 692 2692 Klok.
705 2644 811 2706 censitio,
823 2649 850 2690 et
862 2656 907 2703 pro
917 2657 942 2690 v.
954 2641 973 2690 l.
984 2641 1139 2690 senescentis.-
1155 2639 1309 2689 'forreniani

209 2708 317 2756 multum
328 2708 396 2756 inter
408 2722 436 2756 ee
445 2708 609 2768 discr-epaon
620 2708 718 2756 babent
726 2708 802 2762 eninr,
813 2707 962 2767 senescentis,
970 2707 1060 2768 cereto,
1070 2705 1194 2767 censentis,
1202 2705 1308 2766 recentia,

208 2771 332 2830 eeeceatir,
350 2770 561 2832 cotennensis,
579 2772 620 2818 vel
638 2773 828 2820 reacuntis—24
844 2770 896 2818 Sex
913 2770 1019 2818 Torren.
1039 2771 1200 2832 expectandae
1217 2769 1309 2834 reliqui

209 2836 349 2896 mpetendu,
366 2834 434 2899 quod
453 2836 567 2897 reposuit
585 2834 701 2896 Pighius.
734 2836 797 2882 Mox
815 2833 911 2893 Ultraj.
927 2837 950 2881 l.
971 2834 1069 2882 etVets
1088 2833 1171 2895 egredi
1193 2833 1309 2883 vitum.-

209 2901 241 2946 25
259 2897 407 2959 Legebatur
418 2898 478 2946 olim
490 2899 546 2955 κείς
562 2898 669 2959 Pighius
680 2912 742 2946 vero
754 2897 779 2944 in
794 2896 869 2944 codd.
882 2895 934 2943 suis
946 2897 1044 2944 invenit
1055 2899 1122 2955 ueie3
1139 2903 1166 2944 et
1178 2896 1215 2944 sie
1226 2896 1306 2952 Barh.

209 2965 235 3010 ὓ.
248 2976 307 3009 am.
320 2976 359 3022 pr.
375 2977 418 3010 usu
428 2963 456 3009 iu
469 2961 569 3011 duobus
581 2961 673 3010 Rhem.
684 2961 733 3008 oiri
744 2961 770 3008 in
782 2960 868 3021 Bitur.
880 2964 907 3005 et
918 2958 1002 3006 altero
1013 2961 1102 3008 erem.
1119 2975 1175 3007 uerte
1186 2959 1307 3010 Perizon.

210 3026 292 3074 Barb.
305 3029 328 3074 1.
339 3031 366 3074 et
378 3041 393 3074 a
404 3040 438 3074 nr.
451 3039 502 3074 sec.
514 3027 540 3072 in
551 3026 633 3074 Barh.
642 3028 666 3074 2.
683 3025 720 3073 est
731 3023 830 3071 hahent
841 3020 930 3084 reliqui
939 3019 1016 3070 codd.
1033 3036 1091 3069 cum
1102 3024 1229 3071 Vct—26
1245 3021 1307 3071 ΑΜ.

208 3097 238 3140 et
249 3088 456 3154 Asceus.prcehet
465 3105 475 3147 ,·
492 3095 588 3138 ceterae
600 3087 659 3138 edd.
677 3102 734 3136 cum
753 3087 829 3148 longe
847 3084 958 3133 maxima
977 3084 1054 3132 codd.
1076 3092 1160 3146 parte,
1173 3084 1308 3147 maduerit.

209 3153 329 3202 Perizon.
346 3154 575 3204 teminorum—ar
592 3151 693 3214 Viginti
713 3151 765 3200 duo
784 3148 860 3199 codd.
878 3163 909 3197 ee
927 3147 1039 3196 Groeee'a:
1056 3147 1116 3196 nu.
1137 3163 1195 3196 cum
1218 3149 1308 3209 paucis

199 3216 285 3268 codd.
303 3219 430 3267 tralatum:
446 3217 521 3267 multi
536 3217 612 3266 codd.
631 3218 685 3266 inde
705 3215 805 3264 testimo.
838 3213 902 3262 Mox
924 3213 980 3261 Creu
996 3213 1069 3274 Meg.
1086 3212 1180 3261 Venet.
1201 3210 1260 3260 Alo.
1281 3218 1309 3263 et

209 3283 324 3332 nonnulli
337 3277 413 3333 codd.
429 3283 518 3332 Coeoin
531 3281 683 3346 Pighianis3
702 3281 771 3342 Chio,
791 3280 848 3342 Coo,
868 3277 908 3327 vel
921 3277 977 3339 Ceo,
992 3277 1019 3325 ln
1037 3276 1118 3327 tribus
1130 3275 1223 3326 Leidd.
1235 3277 1308 3325 Peri·

702 3423 811 3478 NOTAE

241 3540 406 3604 ”Sexcentid
422 3541 495 3592 eros
507 3540 635 3604 'rrpcdxevs
649 3541 738 3605 appel·
811 3536 870 3585 ⁰ln
894 3536 973 3591 intutu
996 3533 1055 3598 Cea]
1079 3534 1190 3584 Variam
1210 3532 1260 3582 boc
1280 3533 1307 3583 in

209 3616 307 3667 labant.
341 3617 391 3666 His
409 3617 526 3667 omnibus
543 3624 672 3682 praeerant
690 3617 738 3669 viri
778 3613 839 3662 loco
871 3613 935 3664 Mes.
964 3611 1090 3661 Codices:
1115 3611 1141 3659 iu
1161 3610 1216 3658 aliie
1239 3609 1307 3658 enirn

209 3691 364 3758 quindecim,
381 3695 424 3757 qni
446 3694 550 3757 negotia
571 3700 599 3744 et
619 3691 738 3743 faciliora
780 3690 851 3750 Coeo,
869 3689 911 3747 vel
925 3687 989 3746 Ce'o,·
1005 3688 1031 3734 in
1042 3687 1098 3736 aliis
1111 3686 1179 3746 Chio,
1198 3685 1240 3736 vel
1258 3687 1307 3734 Coo

209 3775 237 3818 et
247 3769 350 3819 levioris
367 3771 489 3818 momenti
504 3770 667 3833 expedirent.
699 3769 738 3818 Ut
777 3765 888 3828 legitur:
907 3763 1022 3812 diversas
1039 3769 1125 3814 tamen
1144 3762 1238 3812 insulas
1250 3775 1307 3810 esre

209 3843 266 3908 quis
277 3845 302 3893 in
319 3845 387 3894 hunc
399 3843 516 3894 ordinem
528 3846 667 3908 legeretur,
686 3844 737 3894 dno
777 3846 888 3891 constat.
922 3841 963 3890 Ex
973 3840 1011 3890 bis
1020 3839 1105 3888 malim
1118 3838 1181 3888 Ceon
1192 3842 1306 3901 tetrapo·

208 3919 286 3982 vulgo
297 3919 477 3984 requirebant:
495 3935 582 3986 unum,
601 3928 630 3970 ut
641 3921 736 3969 liberor
775 3916 820 3963 lim
832 3913 927 3965 fuisse:
945 3914 1044 3963 duabus
1060 3928 1121 3962 vero
1137 3911 1244 3962 urbibus
1255 3913 1304 3962 Go-

210 3995 380 4058 euecepieset:
399 3997 518 4056 alterum,
533 4004 562 4047 ut
580 4013 631 4046 uon
653 3997 736 4045 oriun-
776 4006 847 4041 ressa
855 3993 1012 4054 Poeessaque
1020 3991 1097 4039 maris
1106 3988 1227 4039 fluetibus
1238 4004 1304 4038 eum-

211 4067 258 4118 dus
277 4067 393 4132 uliuudc3
410 4071 456 4120 sed
477 4071 546 4122 illius
565 4079 649 4136 pater,
666 4086 735 4135 avus,
775 4068 874 4129 mersis,
897 4067 966 4116 cives
993 4067 1082 4118 Julida
1106 4074 1134 4117 et
1156 4066 1304 4120 Cardeam

210 4157 331 4208 proauus,
341 4149 410 4196 cives
422 4147 540 4199 fuissent.
572 4148 734 4211 Strabonem,
773 4147 898 4210 migrasse
909 4149 1038 4195 testantur
1048 4144 1142 4196 Strabo
1154 4150 1181 4194 ei
1192 4143 1302 4195 ΡΙῘΒῙΜ·

210 4218 232 4268 ei
245 4218 299 4283 quis
311 4221 383 4283 plura
394 4225 517 4288 requirat,
529 4226 653 4276 consulat.
776 4227 853 4280 Nunc
865 4225 922 4284 Zea·
