3210 5158
281 477 363 524 car.
380 476 433 524 ιιι.
459 472 508 522 on
530 472 785 524 a-nsrrnrurm
813 477 855 524 nr
879 471 1151 529 conrrnnnrrn.
1192 463 1256 530 lsi

170 621 332 698 Ceterum,
355 639 432 685 cum
459 626 494 683 et
517 619 628 699 magni
651 620 759 701 pretii,
782 629 815 684 et
828 624 913 686 varii
936 626 1072 705 generis,
1095 648 1116 692 a
1138 629 1256 712 legatis

169 723 251 806 ejus,
266 731 335 786 tam
349 723 489 784 virorum
505 738 605 801 quam
620 720 829 784 imminutum
841 730 918 806 apta
929 728 1008 790 usui
1019 747 1156 794 munera
1167 735 1256 798 eirca

169 823 285 887 domos
314 823 482 897 ferrentur,
510 821 604 884 nulla
633 823 793 903 cuiquam
822 824 910 912 dono
924 833 972 873 ⁵³·
1001 827 1108 912 janua
1137 835 1255 915 patuit.

169 923 419 1003 Tarentinaeque
434 921 622 1003 petulantiae
638 923 808 986 animosus
823 925 928 1006 magis
948 945 1049 1010 quam
1062 931 1178 995 efficax
1200 935 1257 1000 de-

168 1032 290 1105 fensor,
312 1027 400 1091 haud
423 1027 496 1090 s'cio
515 1027 638 1109 majore
660 1045 735 1091 cum
758 1027 866 1109 gloria
880 1029 976 1113 hujus
990 1032 1082 1097 urbis
1097 1036 1254 1113 moribus,

170 1149 211 1195 an
232 1131 331 1194 armis
344 1133 371 1176 ⁵4
393 1127 550 1210 repulsus
572 1127 648 1192 siti
692 1127 732 1192 In
747 1127 808 1191 illa
830 1147 962 1212 qnoque
976 1130 1133 1212 procella,
1155 1154 1256 1216 quam

169 1227 208 1294 (i.
219 1223 346 1293 Marius
357 1233 390 1292 et
404 1229 443 1293 L.
454 1225 560 1291 Cinna
573 1229 700 1309 reipub.
715 1229 914 1305 inflixerant,
930 1231 1130 1298 abstinentia
1142 1235 1258 1316 populi

169 1330 315 1415 Romani
339 1329 515 1394 mirifica³⁵
542 1336 728 1410 conspecta
749 1337 810 1392 est.
855 1330 946 1394 Nam
973 1351 1049 1396 cum
1077 1353 1098 1398 a
1122 1355 1158 1399 se
1179 1355 1257 1418 pro-

169 1433 368 1513 scriptorum
377 1423 627 1511 penatesfvulgi
636 1428 788 1490 manibus
803 1427 1008 1511 diripiendos
1018 1432 1260 1515 objecissentd

168 1532 308 1596 inveniri
329 1529 441 1612 potnit
462 1546 569 1604 nemo,
599 1528 657 1611 qni
680 1528 771 1591 civili
793 1528 886 1592 luctu
901 1537 927 1578 ⁵⁷
949 1532 1094 1612 praedam
1116 1541 1255 1617 peteret.

167 1633 263 1697 Unus
277 1632 362 1694 enim
376 1629 519 1712 quisque
533 1647 570 1691 so
586 1628 696 1695 abhis
710 1624 845 1711 perinde
860 1647 900 1692 ac
911 1627 935 1676 ⁵⁸
958 1650 980 1693 a
999 1633 1104 1698 sacris
1126 1635 1256 1700 aedibus

166 1731 337 1797 abstinuit.
381 1729 469 1807 Quae
486 1729 618 1812 quidem
632 1735 703 1794 tam
716 1729 902 1793 misericors
929 1732 1128 1797 continentia
1149 1735 1256 1817 plebis

170 1835 309 1899 tacitum
327 1831 509 1897 crudelium
522 1830 686 1895 victorum
700 1830 887 1894 convicium
899 1830 1000 1895 fun.-
1262 1831 1265 1846 “

627 2003 805 2024 ΝΟΜΝΝΝ

171 2123 288 2175 undecim
307 2120 382 2171 codd.
400 2125 428 2170 et
445 2119 506 2170 edd.
529 2119 610 2184 antiq.
637 2119 681 2170 alii
699 2118 774 2168 codd.
794 2133 852 2168 curn
860 2119 923 2170 Vet.
941 2123 1169 2174 nmium-at
1187 2125 1257 2175 Non.

170 2190 233 2238 nulli
255 2187 332 2236 codd.
354 2185 462 2238 Torren.
483 2183 580 2240 habent
598 2185 666 2232 domo
700 2190 729 2232 ut
750 2183 822 2234 dedit
841 2184 1018 2235 coleras-⁵4
1039 2188 1098 2246 ‘Sic
1123 2203 1156 2238 ex
1177 2191 1258 2242 Barb.

171 2253 245 2315 prim.
266 2253 358 2312 copes.
381 2247 454 2299 Leld.
476 2248 558 2311 quint.
579 2254 606 2296 et
628 2219 694 2296 Ullr.
719 2247 792 2310 prim.
819 2247 892 2297 dedit
912 2250 1068 2312 Torrenins3
1093 2249 1152 2300 cuni
1176 2255 1258 2303 cereri

171 2317 236 2366 Mas.
247 2315 360 2378 crediti,
376 2313 468 2378 quibus
479 2314 544 2362 Vet.
557 2311 671 2372 aceedit,
688 2311 792 2374 babent,
807 2311 869 2362 baud
887 2314 935 2362 reia
948 2329 1068 2376 ...quas
1085 2318 1173 2375 amm
1189 2315 1259 2382 qaod

171 2374 1259 2508 attilii:tiitlliiii:institutit?‘tl÷³.⁸²i.tt3t.⁰”.¹‘la²i.lt

172 2508 244 2558 donis
255 2506 423 2570 sacorrunrpi
441 2506 507 2566 parsi
524 2519 574 2554 non
593 2511 662 2566 sunt,
679 2516 753 2567 quarn
773 2505 841 2568 qood
860 2519 919 2556 eum
937 2507 1013 2556 armis
1029 2479 1163 2556 viderunt!
1178 2507 1259 2572 Kopp.

170 2573 223 2622 Pro
233 2573 306 2622 armis
317 2571 430 2622 nonnulli
440 2571 547 2618 Torren.
559 2568 657 2616 habeut
668 2569 798 2618 bella-55
815 2571 888 2618 Unus
899 2571 989 2619 libem.
1006 2571 1077 2636 Reip.
1089 2571 1260 2636 mirifice—56

170 2636 215 2686 Its
230 2637 336 2699 Pigbins
356 2649 404 2696 pro
423 2634 491 2691 vulg.
510 2631 653 2693 aljaoma
669 2637 697 2681 et
715 2635 880 2683 consentiunt
897 2634 973 2684 codd.
993 2649 1050 2683 curn
1069 2633 1127 2684 edd.
1146 2633 1261 2699 antiq.-

171 2705 203 2748 57
222 2701 264 2748 Sic
284 2698 340 2747 iere
358 2710 446 2745 ornnes
463 2696 528 2744 Mss.
547 2702 574 2742 et
583 2696 645 2744 Vet.
657 2697 774 2760 aliaque.
807 2698 913 2759 Pighius
933 2711 965 2745 ex
983 2699 1069 2748 ΡιιΙιιι.
1092 2706 1119 2747 et
1138 2700 1227 2761 camp.
1247 2714 1260 2749 e

171 2762 237 2811 cicili
248 2761 354 2822 jactura,
369 2774 445 2822 quem
467 2757 550 2812 secuti
572 2763 631 2806 sunt
649 2759 755 2807 Colerns
776 2767 805 2808 et
813 2761 943 2809 Veratius.
976 2760 1013 2810 At
1031 2763 1171 2824 Torrenluu¹
1188 2777 1259 2810 revo-

173 2826 242 2876 carit
256 2825 321 2874 clodi
339 2825 412 2884 lectra
429 2823 447 2870 i.
459 2837 483 2870 e.
504 2822 565 2870 dnm
584 2821 675 2870 ciritae
692 2822 718 2870 ia
736 2823 807 2875 lueto
829 2832 879 2885 est,
893 2829 1010 2886 tempora
1030 2825 1112 2874 cirilla
1131 2826 1260 2876 luctae—-

666 2963 772 3013 norm
807 3019 810 3026 ,
858 2953 861 2960 ’

175 3067 516 3143 ῐὶιοιςιιιῐὶιιοιιιὶῑῐοιιιιοι.
538 3075 634 3139 cyneae
642 3089 698 3124 sen·
740 3091 797 3127 nem
809 3077 960 3130 firmandam
980 3077 1064 3142 putari
1082 3077 1177 3140 debet3
1193 3080 1261 3144 qnod

174 3157 282 3208 tentiam
303 3161 408 3204 secutus
426 3151 542 3217 Pyrrhus
559 3152 630 3200 illum
649 3151 698 3202 Ro·
739 3162 845 3204 auctore
856 3155 953 3216 Cynea,
968 3156 995 3204 id
1007 3155 1073 3205 enim
1090 3155 1159 3218 apud
1175 3171 1263 3206 omnes

175 3248 243 3284 marn
256 3231 333 3281 misit.
600 3229 603 3236 '
740 3239 860 3282 auctores
871 3231 1014 3295 legereest,
1026 3231 1081 3296 ja'm
1091 3232 1202 3282 Senatus
1212 3247 1264 3282 ora·

207 3314 218 3343 ⁸
242 3308 317 3357 Nulla
343 3306 451 3370 werra
477 3303 548 3366 dono]
575 3304 699 3356 Quamvis
740 3306 992 3370 nisadpacamenm
1003 3305 1105 3368 Pyrrho
1118 3303 1263 3358 iaciendum

175 3383 244 3433 idem
256 3383 332 3443 caro,
343 3382 435 3442 Varro,
446 3381 547 3444 Florus,
557 3380 629 3428 Plut.
640 3380 700 3430 Jar·
740 3382 928 3448 propendebat,
945 3382 994 3430 nisi
1004 3380 1114 3444 Appius,
1133 3387 1160 3430 et
1175 3395 1263 3446 senex,

176 3459 224 3508 tin.
242 3458 338 3522 aliique
352 3456 409 3506 fere
426 3470 514 3505 ornnes
533 3454 699 3517 scripserintr
740 3460 769 3508 et
777 3471 877 3518 caecum
888 3456 998 3520 ideoque
1008 3469 1140 3506 munerum
1149 3464 1264 3508 contem·

178 3533 286 3583 Zonaras
307 3540 393 3584 tamen
413 3539 440 3583 et
459 3533 502 3583 uni
521 3538 549 3582 et
566 3531 701 3582 recentiori
741 3541 849 3584 torearn
861 3532 1042 3582 disturbasset.

177 3626 224 3682 ego
236 3610 356 3659 libentius
369 3609 531 3670 assenserim,
548 3623 564 3658 a
582 3622 632 3672 quo
649 3622 701 3657 me·
774 3598 855 3668 idn.
864 3609 903 3658 M.
915 3612 988 3660 tiit.
1016 3607 1060 3658 01.
1076 3613 1131 3658 125.
1147 3612 1171 3658 1.
1198 3607 1263 3658 Urb-

178 3686 266 3736 rnoriae
283 3684 414 3748 proditum
432 3685 703 3748 estCyneampoten·
742 3685 840 3736 Calli.
867 3683 929 3734 Ant.
941 3684 988 3735 eh.
999 3687 1056 3738 270.

178 3762 290 3812 tissimus
308 3774 422 3824 quosque
441 3761 589 3810 muneribus
600 3760 702 3824 Pyrrho
773 3758 988 3822 ‘Prooenptorasr
1003 3756 1110 3822 mter]
1130 3757 1189 3808 Qua
1206 3769 1264 3805 em·

177 3838 279 3902 sibique
289 3835 454 3885 conciliasse:
472 3834 523 3883 fuit
535 3835 637 3898 quidem
647 3836 702 3891 laur
742 3834 852 3883 delirate
869 3835 896 3883 in
912 3834 1006 3884 civium
1024 3831 1135 3880 omnium
1148 3830 1265 3880 vitamet

179 3914 224 3963 illa
236 3915 388 3976 legatorum,
403 3924 454 3959 non
465 3910 553 3974 populi
564 3917 651 3962 tamen
664 3920 702 3961 to·
742 3911 841 3960 Marius
858 3916 887 3958 et
906 3909 978 3972 Sylla
999 3907 1108 3970 grassati
1128 3906 1189 3968 sint,
1209 3908 1265 3970 jam

181 3987 239 4038 tius.
273 3988 337 4040 Quis
354 3987 422 4035 enim
441 3985 533 4035 eredat
550 4000 638 4035 omnes
649 3989 702 4037 Ro·
743 3984 859 4047 plnribur
869 3983 896 4031 in
907 3983 971 4032 loeis
982 3982 1159 4046 explicuimus.

181 4075 229 4110 ma
242 4070 286 4113 aut
297 4061 429 4113 Fabricios
440 4059 528 4123 inisse,
543 4065 588 4110 aut
598 4060 703 4112 (inridet
776 4057 791 4087 ⁶
808 4057 857 4107 An.
869 4057 908 4106 Μ.
921 4061 994 4108 tm.
1023 4057 1064 4106 01.
1077 4059 1132 4107 lit.
1143 4061 1168 4108 2.
1200 4053 1277 4112 Uib..

181 4148 229 4185 nec
240 4139 296 4188 lere
304 4147 482 4204 argumentum
493 4138 525 4188 ad
535 4140 599 4189 hane
607 4141 705 4203 opinio·
744 4135 842 4228 Q
869 4131 931 4182 rint.
944 4122 992 4181 Cb.
1004 4136 1043 4183 aa.
