3386 5262
371 415 418 480 96
761 423 809 470 nu
835 421 1079 470 nosrruouuu

375 578 445 634 caat,
460 570 555 633 triplex
569 559 706 616 'Cottarum
718 562 814 612 ismilia
825 563 903 612 tuisse
943 578 1001 614 nam
1019 564 1083 612 Caio
1101 563 1135 612 ob
1155 577 1197 612 res
1217 564 1243 611 in
1262 563 1349 614 Gallia
1370 561 1473 611 sortiter

374 647 493 702 videtum
509 639 637 690 affirmare
649 649 793 688 tamennon
807 639 901 686 ausim:
944 646 1029 700 gestas
1056 646 1115 701 post
1138 638 1304 687 Consulatum
1327 653 1393 687 auno
1415 640 1472 686 679.

375 733 480 786 spirarum
491 717 535 764 uni
547 715 634 776 Caius,
648 713 724 762 alteri
734 713 841 773 Lucilia,
850 719 902 761 ter·
943 714 1023 762 horror
1053 712 1176 775 triumphi
1205 713 1306 761 delatus
1332 720 1399 775 erat,
1425 712 1472 760 aed

374 800 417 848 tias
437 794 543 842 Marcus
560 803 708 853 prauomen
725 790 901 852 utplurimum
942 794 1026 834 morte
1047 788 1187 847 repentine
1206 788 1283 849 paulo
1303 795 1364 835 ante
1383 787 1473 835 trium·

374 867 518 922 adhaeserit.
551 868 591 915 Ex
604 866 685 928 prima
697 865 823 914 Consules
835 865 902 924 dn03
943 863 1019 924 pisum
1031 861 1105 911 obiit.
1124 862 1238 921 Marcus,
1250 863 1279 909 L.
1293 861 1391 908 Luculli
1404 876 1471 909 anuo

374 945 483 997 totidem
496 957 529 992 ex
540 942 669 1001 secunda3
686 955 720 990 ex
736 941 814 989 tertia
829 940 901 1004 quin·
942 942 999 987 679.
1012 939 1037 986 in
1055 938 1197 987 Consulatu
1214 937 1355 1000 Collegae
1370 937 1472 985 Mitissi-

372 1035 423 1086 qce
434 1027 612 1069 recensentur.
635 1018 675 1065 Ex
687 1017 770 1079 prima
782 1017 812 1064 C·
823 1017 902 1064 Cotta
941 1013 1005 1062 date
1017 1013 1048 1062 ad
1061 1013 1253 1063 chalcedonem
1264 1013 1376 1075 turpiter
1388 1012 1471 1060 vicum

373 1095 472 1159 duplici
487 1093 630 1143 Consulatu
649 1105 715 1140 auno
732 1094 789 1140 661.
806 1097 833 1138 et
844 1095 900 1140 666.
942 1087 1099 1152 fugatusque
1108 1097 1156 1140 est.
1189 1090 1283 1140 Lucius
1293 1103 1355 1137 vero
1369 1089 1473 1138 Prator

374 1172 500 1230 Censura,
519 1177 546 1216 et
567 1168 698 1232 triumpho
717 1166 749 1214 de
769 1166 856 1214 l’oenis
874 1174 902 1216 et
937 1163 1041 1227 judicia
1057 1165 1175 1228 Senatui,
1198 1165 1345 1229 Equitibus,
1367 1171 1394 1213 et
1415 1165 1471 1212 Tri-

372 1245 466 1295 Siculis
488 1243 596 1301 nobilis;
624 1243 743 1306 illiusque
764 1255 846 1304 nepos
870 1242 900 1291 C.
943 1238 1016 1287 burnis
1038 1241 1136 1288 aerariis
1163 1241 1373 1301 communicavit3
1403 1241 1470 1290 irau'd

373 1321 454 1370 Cotta
471 1317 565 1368 Consul
576 1321 633 1366 666.
668 1318 708 1365 Ειι
724 1317 840 1366 secunda
851 1317 901 1364 duo
941 1317 1023 1364 minito
1038 1323 1097 1378 post
1113 1316 1209 1365 Consul
1227 1320 1283 1365 688.
1304 1324 1331 1365 et
1348 1317 1471 1366 continuo

373 1395 447 1447 Lucii
459 1379 636 1456 Cottiupater
647 1401 675 1442 et
686 1391 769 1453 filius3
781 1393 824 1440 ille
834 1407 902 1441 anuo
943 1390 1050 1452 Censor,
1061 1390 1093 1440 ad
1111 1391 1205 1439 bellum
1223 1405 1303 1454 usque
1321 1392 1471 1440 Mutinense

372 1475 431 1520 699.
442 1471 483 1519 iric
494 1475 551 1520 664.
571 1469 621 1518 Ille
633 1483 664 1517 ne
674 1468 825 1530 Hispaniam
839 1469 902 1516 Pro-
943 1465 1015 1512 vixit.
1033 1466 1062 1515 C.
1072 1465 1185 1528 Cottam,
1197 1467 1241 1530 quai
1251 1481 1309 1516 cum
1326 1474 1404 1516 aetate
1417 1477 1471 1516 tum

353 1547 463 1595 ‘consul
482 1545 621 1605 obtineret,
641 1560 657 1593 a
679 1544 801 1605 Scipione
823 1543 901 1591 AEmi-
942 1541 1047 1590 militari
1069 1548 1097 1590 et
1121 1540 1218 1593 forensi
1242 1544 1323 1605 gloria
1345 1542 1470 1592 fratribus

371 1621 440 1670 liano
452 1620 605 1684 prohibitus.
639 1619 691 1668 Hic
704 1619 814 1668 Galliam
827 1619 901 1668 sorti·
943 1617 1020 1676 paulo
1036 1616 1154 1678 superior
1165 1615 1225 1678 fuit,
1241 1618 1267 1665 in
1280 1618 1352 1666 libris
1363 1619 1396 1666 de
1407 1618 1472 1667 Ora·

372 1693 496 1756 tus,quid
508 1695 625 1754 gesserit,
637 1693 773 1742 incertum.
944 1697 999 1736 tore
1019 1697 1047 1738 et
1065 1691 1098 1739 de
1118 1691 1220 1740 Natura
1237 1693 1350 1741 Deorum
1366 1693 1472 1755 loquen-

404 1767 501 1816 'i'ertiae
511 1764 625 1827 familiae,
635 1777 663 1814 ut
672 1767 773 1828 opinor,
781 1767 902 1830 princeps
944 1773 996 1814 tem
1008 1765 1107 1815 inducit
1117 1767 1219 1816 Cicero.
1245 1781 1282 1816 ιν.
1295 1767 1316 1815 Α
1328 1766 1380 1814 tilio
1390 1766 1473 1828 Lucii,

372 1843 423 1893 fuit
442 1857 461 1891 1.
480 1841 586 1890 Marcus
606 1842 649 1890 ille
669 1842 758 1904 Cotta,
776 1841 821 1904 qui
838 1857 855 1890 a
872 1843 902 1894 C.
944 1847 973 1889 ut
984 1848 1025 1889 est
1035 1842 1195 1904 conjectura,
1212 1843 1239 1892 id
1256 1843 1324 1891 euim
1335 1842 1470 1898 obscurum

372 1918 492 1969 Carbone
509 1918 536 1964 ic
555 1917 659 1965 exilium
679 1917 767 1980 pulsus
788 1925 844 1967 eat:
870 1932 902 1969 11.
943 1923 991 1978 est,
1010 1917 1036 1965 iu
1056 1923 1161 1980 gentem
1179 1918 1310 1966 Aureliam
1331 1918 1470 1980 adoptatus

373 1994 447 2057 cujus
470 1991 538 2040 iilius
560 1998 615 2040 turn
632 1992 730 2053 pietate
747 1992 774 2040 in
792 1999 902 2055 patrem,
942 2000 992 2042 est.
1029 2007 1055 2042 v.
1075 1994 1104 2042 L.
1127 1994 1250 2043 Aurelius
1273 1994 1352 2043 Cotta
1372 1995 1472 2043 Messa·

373 2078 428 2117 tum
439 2067 579 2116 liberorum
587 2068 757 2130 amplitudine
766 2069 851 2118 clarus
859 2083 902 2118 ex·
943 2067 1020 2131 linus,
1029 2069 1068 2118 M.
1080 2069 1200 2117 Messalas
1212 2068 1333 2118 Oratoris
1341 2067 1418 2129 filius,
1428 2070 1472 2132 qui

372 2145 436 2194 titit.
471 2144 539 2192 Nam
550 2144 693 2208 eodiequo
704 2152 791 2208 togam
804 2139 903 2195 virilem
944 2144 1039 2193 Consul
1056 2158 1123 2193 nunu
1140 2148 1197 2194 766.
1216 2142 1305 2207 fuisse,
1319 2152 1347 2193 et
1364 2145 1472 2194 saevissi-

373 2220 474 2281 sumsit,
485 2220 631 2272 Carbonem
643 2235 779 2270 accrrsasse
792 2223 902 2283 dieitur;
943 2234 991 2268 mse
1008 2221 1133 2281 cujusque
1147 2220 1283 2266 sententias
1303 2226 1394 2267 auctor
1410 2219 1472 2267 dici-

373 2306 445 2345 etex
463 2295 563 2344 Rutilia
581 2297 700 2357 genuisse
720 2295 853 2343 Aureliam
871 2297 902 2345 C.
943 2302 994 2341 tur.
1028 2308 1065 2340 vr.
1092 2293 1165 2340 Illius
1186 2298 1240 2340 tum
1258 2291 1322 2352 filio,
1344 2307 1396 2341 vu.
1417 2302 1471 2342 turn

374 2371 486 2420 Caesaris
506 2377 629 2416 matrem:
650 2381 694 2416 ιιι.
714 2375 819 2430 tresque
834 2367 902 2415 filius
941 2367 1031 2428 nepoti
1046 2367 1152 2414 Marcus
1169 2380 1261 2414 nomeu
1272 2365 1336 2416 tuit:
1355 2367 1391 2416 illi
1405 2370 1471 2418 Con-

375 2442 902 2507 Caiuru,Marcum,etLucium,ingenio‚
941 2442 1052 2488 sulatum
1074 2454 1140 2488 anno
1170 2444 1227 2488 tta.
1255 2441 1387 2505 Tiberius,
1411 2445 1471 2494 huic

373 2531 401 2572 et
413 2520 568 2584 eloquentia,
580 2518 702 2580 pacisque
712 2517 811 2565 artibus
821 2532 902 2580 prope
942 2515 1016 2564 bouis
1038 2515 1170 2579 dissipatis
1192 2529 1301 2565 annuam
1321 2518 1471 2580 pensionem

374 2612 465 2664 pares3
483 2593 576 2644 bellica
588 2607 648 2642 vcro
665 2591 741 2640 laude
757 2606 807 2642 non
823 2592 903 2656 item,
942 2590 1014 2643 Nero
1025 2591 1107 2640 dedit.

707 2791 849 2872 GENS
889 2793 1132 2870 CAECILIA.

406 2934 541 2984 Clscrctos
563 2935 607 2984 alii
628 2950 642 2984 a
664 2935 769 2987 Caeculo
790 2938 902 2987 Vulcani
942 2954 997 2988 suus
1010 2939 1124 2990 obtinuit
1136 2954 1204 2990 anno
1214 2943 1271 2989 469.
1304 2939 1399 2988 Lucius
1415 2938 1471 2988 Cae-

373 3008 435 3072 filio,
452 3012 496 3076 qui
515 3011 651 3062 Praeneste
672 3013 799 3075 condidit,
825 3013 869 3062 ulii
886 3028 903 3062 a
942 3015 1017 3066 cilius
1042 3017 1177 3067 Metellus:
1204 3031 1236 3068 ιι.
1258 3017 1331 3079 cujus
1353 3015 1420 3076 iiiios
1443 3016 1472 3063 L.

373 3088 483 3138 Caecade
495 3087 582 3137 AEneae
595 3088 690 3138 comite
707 3096 847 3154 prognatos
859 3105 902 3139 vo·
942 3093 1066 3142 Meteilus
1074 3094 1172 3156 duplici
1183 3094 1326 3143 Consulatu
1337 3107 1404 3142 anno
1415 3097 1472 3141 tun.

372 3163 438 3213 lunt.
472 3163 508 3211 Ut
524 3171 554 3212 ut
569 3171 619 3225 est,
637 3165 674 3212 illi
690 3166 789 3213 Coecilii
801 3179 902 3226 nomen,
943 3175 971 3215 et
983 3173 1041 3216 666.
1074 3168 1364 3229 Magistericequitum‚
1381 3168 1472 3218 Dicta·

373 3254 431 3302 quae
440 3239 569 3287 sententia
578 3240 664 3286 verior
673 3237 762 3299 est,ab
770 3238 902 3305 oculorum
943 3245 1011 3299 tura,
1030 3238 1189 3288 Pontificatu
1208 3240 1328 3300 maximo,
1343 3240 1472 3302 triumpho

373 3312 521 3376 parvitate;
538 3311 640 3360 Metelli
656 3325 727 3370 vero,
738 3324 754 3357 a
766 3324 829 3358 voce
841 3311 903 3357 mili-
943 3311 976 3359 de
984 3313 1081 3374 Poenis,
1089 3314 1115 3360 in
1124 3315 1197 3361 Deos
1206 3313 1306 3374 pietate
1314 3313 1471 3362 clarissimus

372 3388 432 3449 tari,
445 3404 504 3452 quae
515 3386 699 3436 mercenarium
711 3382 848 3447 significat,
864 3383 902 3430 in·
942 3388 1039 3436 extitit.
1073 3386 1471 3436 Nam18.irostiumducesunte

374 3463 456 3512 ditum
468 3468 517 3512 est.
550 3460 628 3510 Haud
641 3458 703 3521 scio,
717 3473 749 3506 au
768 3458 818 3505 ulla
831 3463 902 3520 gens,
944 3475 1046 3510 currum
1055 3463 1168 3523 vinctos,
1178 3470 1205 3511 et
1217 3467 1272 3515 120.
1283 3463 1435 3527 elephantos
1445 3463 1471 3512 io

374 3539 395 3584 si
409 3537 554 3585 Corneliam
568 3535 714 3597 exceperis,
733 3532 846 3583 Caeciliae
856 3547 903 3594 pas
943 3537 1073 3601 triumpho
1084 3539 1189 3589 duxisse
1199 3538 1302 3599 fertum
1325 3542 1473 3606 oculosque,

373 3609 452 3658 fuerit
480 3624 566 3658 rerum
598 3617 727 3671 gestarum
755 3606 902 3670 splendore.

375 3686 478 3736 Nullam
492 3693 563 3734 certe
580 3683 696 3746 reperias
715 3689 753 3731 tot
772 3684 903 3744 cognomi·

373 3761 447 3808 ssibus
460 3747 621 3808 devictarum
635 3773 651 3805 a
666 3757 818 3822 sugentium
833 3758 903 3806 nobi-

372 3836 472 3883 litatam
483 3850 489 3882 ι
507 3833 613 3882 fuerunt
624 3834 692 3882 enim
704 3834 804 3885 Caecilii
815 3835 903 3884 Mace-

373 3911 489 3973 donicus,
500 3910 660 3975 Numidicus,
668 3911 839 3973 Dalmaticus,
853 3911 903 3960 Ba·

373 3987 494 4048 lcaricus‚
505 3993 532 4036 et
545 3986 680 4048 Creticus;
691 3988 740 4036 lroc
751 3994 836 4036 tamen
847 3988 902 4050 plu·

374 4065 444 4113 ribus
453 4061 567 4128 inferior,
578 4065 646 4130 quod
658 4080 709 4115 uon
719 4064 844 4128 Patricia,
855 4062 902 4112 sed

373 4137 484 4204 iflebeia
495 4137 581 4188 fuerit

407 4226 428 4262 ι.
446 4213 614 4264 Consulatum
635 4230 667 4265 es
686 4218 734 4266 hac
751 4224 828 4282 geute
849 4217 902 4280 pri-

944 3611 1004 3662 dum
1016 3628 1089 3664 sacra
1106 3615 1196 3664 Vestae
1212 3616 1313 3664 medios
1330 3630 1378 3680 per
1396 3616 1470 3678 ignes

944 3688 1068 3752 auferret,
1078 3692 1205 3741 amisisse:
1226 3707 1306 3757 qnare
1315 3693 1353 3741 illi
1366 3705 1472 3740 conces·

944 3779 999 3812 sum
1009 3771 1037 3813 ut
1049 3766 1151 3828 quoties
1163 3767 1214 3817 iret
1222 3770 1248 3817 in
1258 3769 1381 3816 Senatum
1392 3781 1470 3816 curru

944 3841 1473 3906 veheretur.rrr.Treshabuitfilios,Quin·

944 3921 1008 3977 tum,
1023 3916 1142 3981 Lucium,
1160 3925 1188 3968 et
1204 3919 1332 3978 Marcum,
1343 3917 1423 3980 gloria
1435 3917 1473 3966 iu·

943 3995 984 4038 ter
1001 4005 1029 4038 se
1046 3992 1123 4054 louge
1140 3991 1264 4054 dispares.
1296 3990 1376 4039 Lucio
1393 3991 1471 4053 enim,

942 4067 1010 4130 quod
1031 4075 1091 4131 post
1106 4068 1206 4116 cladem
1224 4069 1384 4118 Cannensem
1397 4068 1471 4118 dese-

944 4142 1032 4191 rendae
1049 4143 1132 4192 Italiae
1145 4151 1236 4193 auctor
1246 4141 1347 4207 fuisset,
1358 4144 1470 4197 infamia

943 4222 1005 4268 nota
1024 4217 1107 4268 inusta
1127 4225 1176 4269 est.
1211 4220 1315 4272 Marcus
1336 4235 1385 4272 non
1405 4223 1472 4272 ultra
