3224 5162
303 407 369 474 154
617 419 773 468 vnnnnrr
800 419 944 466 unxrur
972 422 1040 469 cro.
1058 425 1083 468 1.

305 573 413 635 statue
426 568 566 648 signnm,
578 565 634 630 hic
649 566 775 648 optime
789 564 1013 628 manebimus!
1057 563 1108 629 Ea
1121 568 1207 631 enim
1230 587 1314 635 roce
1334 588 1392 634 au-

305 671 386 746 dita,
401 672 537 732 senatus
559 669 618 730 ‘se
633 665 787 747 accipere
801 663 916 728 omen'
940 665 1124 748 respondit,
1140 687 1158 730 e
1184 672 1392 754 vestigioque

304 769 413 834 Veios
432 751 624 851 transeundi
646 767 823 832 consilium
846 767 970 832 omisit.
1014 764 1124 844 Quam
1147 769 1268 851 paucis
1282 772 1398 844 verbis,

305 870 348 934 de
362 867 529 934 domicilio
539 867 640 934 futuri
649 868 770 934 summi
783 869 913 951 imperii
922 867 1119 932 confirmate
1132 874 1184 932 est
1193 870 1345 936 conditio
1355 872 1396 936 pr,

305 968 413 1036 Credo
428 969 596 1053 indignum
611 971 688 1036 Diis
701 970 983 1048 existimantibus,
1003 969 1257 1053 prosperrimis⁵
1279 973 1395 1052 auspi-

304 1068 384 1136 ciisJ'
401 1070 590 1136 Romanum
604 1092 728 1137 nomen
742 1079 864 1150 ortum,
881 1070 1077 1136 Veientanae
1100 1071 1191 1135 urbis
1215 1068 1396 1154 appellati-

304 1192 369 1237 one
396 1174 536 1237 maturi:
564 1174 766 1258 inclytosque
790 1171 967 1240 uictoriae*
989 1171 1093 1242 decus
1122 1172 1222 1237 modo
1252 1171 1393 1253 abjectae

305 1274 397 1338 urbis
411 1274 513 1338 minis
527 1273 679 1340 inlund'u

348 1375 379 1438 2.
404 1373 517 1457 Hujus
526 1382 596 1439 tarn
609 1377 765 1460 praeclari
778 1373 1207 1460 operisauctorCamillus,¹
1221 1395 1296 1440 cum
1308 1379 1397 1439 esset

305 1482 495 1560 precatus,nn
510 1481 547 1540 ut
559 1474 612 1540 si⁶
633 1478 691 1543 cui
707 1477 855 1542 Deorum
869 1477 974 1542 nimia
996 1477 1139 1542 felicitas
1162 1477 1282 1561 populi
1296 1475 1397 1540 Rom.

306 1577 484 1653 videretur,
497 1577 571 1660 ejus
596 1578 724 1644 invidia
745 1598 808 1644 suo
835 1578 951 1662 aliquo
975 1579 1188 1644 incommodo
1208 1579 1397 1654 satiaretur,

259 1709 264 1718 ·
305 1678 416 1741 subito
431 1677 530 1760 lapsu
544 1680 734 1745 deciditur
757 1679 850 1766 quod
871 1699 965 1744 omen
992 1680 1035 1744 ad
1058 1681 1399 1760 damnationemque

306 1783 424 1860 postea
438 1797 616 1860 oppressus
630 1784 693 1856 est,
709 1780 907 1864 pertinuisse
923 1781 1031 1844 visum
1047 1786 1109 1845 est.
1154 1781 1277 1844 Merito
1289 1783 1398 1842 autern

306 1877 348 1940 de
362 1878 460 1943 laude
474 1878 559 1944 inter
572 1900 622 1958 se,
637 1881 790 1958 uictoria,
811 1887 846 1944 et
860 1882 918 1964 pia
940 1883 1088 1964 precatio
1112 1879 1312 1966 amplissimi
1336 1878 1398 1944 uiri

337 2086 349 2119 ⁶
368 2089 444 2146 Quem
454 2091 534 2152 puncta
543 2092 621 2142 serbis
630 2093 769 2159 confirmato
779 2098 815 2142 est
823 2092 940 2144 umentis
950 2094 979 2143 de
989 2094 1038 2144 loeo
1055 2092 1130 2156 crib,
1146 2107 1198 2156 poe
1217 2090 1326 2142 lubitum
1341 2094 1399 2144 esset

305 2165 419 2200 summum
429 2155 571 2217 imperium!

338 2215 398 2288 ‘'Et
413 2218 514 2276 glorium
530 2222 641 2272 mammos
658 2221 762 2278 victorie
779 2221 945 2271 communicari
960 2221 1055 2271 ciuitati
1073 2235 1166 2277 merse,
1182 2235 1234 2283 puoe
1258 2218 1328 2282 poulo
1346 2220 1401 2266 oste

306 2277 393 2326 semes
403 2281 503 2329 neminis
507 2280 599 2341 ficerat.

307 2489 461 2552 positionem
472 2507 485 2540 e
491 2509 502 2549 ,-
518 2496 549 2537 ut
560 2490 627 2549 apud
639 2490 712 2537 cort.
722 2500 762 2536 ιν.
773 2489 797 2534 8.
807 2490 880 2534 7.-4
896 2486 963 2534 Sunt
973 2484 1017 2549 qul
1032 2484 1137 2546 babent,
1151 2485 1325 2535 condictio-o
1343 2487 1351 2515 ‘
1358 2488 1401 2536 Sic

307 2568 354 2617 pro
364 2557 468 2614 vulgato
475 2551 595 2616 prosperis
605 2553 674 2612 lego,
690 2549 847 2600 anctoritate
857 2550 990 2612 utriusque
1000 2548 1059 2601 cod.
1070 2548 1169 2598 Brand.
1181 2548 1327 2599 octodecim
1338 2551 1402 2599 Tor·

307 2619 469 2667 renisnormn
478 2625 505 2666 et
516 2616 637 2663 librorum
646 2613 848 2676 Wesslenorurn,
866 2612 959 2678 quibus
971 2613 1099 2663 accedunt
1110 2614 1151 2662 ed.
1168 2614 1280 2676 Herbip.
1299 2621 1327 2663 et
1339 2614 1399 2665 Vet

307 2680 363 2729 sine
385 2681 462 2729 dubio
479 2695 512 2729 ex
529 2679 587 2729 eod.
607 2679 659 2726 Ms.
677 2677 763 2740 edits;
781 2678 896 2742 itemque
916 2677 1057 2737 Lipsiensis
1074 2678 1213 2726 Thenneri.
1246 2678 1401 2730 credibilius

307 2743 445 2802 etiamest,
461 2742 625 2806 prosperrimis
636 2748 761 2790 nurtatum
781 2756 837 2791 esse
858 2757 874 2791 s
889 2741 1001 2790 librariis
1019 2743 1045 2790 ln
1061 2743 1189 2806 prosperis,
1209 2756 1283 2807 quam
1302 2750 1402 2793 contra.

306 2803 472 2864 Prosperrima
482 2806 587 2866 auspiciu
597 2812 657 2853 sunt
670 2806 713 2853 illa
728 2806 865 2856 duodecim
885 2807 1024 2868 vulturam,
1041 2821 1099 2869 quoe
1115 2807 1224 2855 Romulo
1240 2820 1268 2854 se
1285 2807 1404 2856 ostende·

308 2866 385 2915 runt'
401 2868 482 2930 Kopp.
515 2869 604 2917 Codex
620 2871 711 2931 Camp.
731 2871 807 2920 Credo
823 2871 949 2932 indignum
968 2869 1026 2919 Diis
1043 2870 1128 2932 amum,
1145 2870 1335 2919 esiatimorrtilros
1354 2872 1403 2919 Ro-

306 2930 384 2979 manis
391 2945 472 3007 nomen
482 2934 600 3008 prosperis
609 2934 719 2996 nuspiffis
730 2940 817 2995 ortum,
832 2938 873 3010 ξε.
890 2940 943 2983 tres
956 2934 999 2984 elil
1009 2935 1115 3011 Torren,
1126 2935 1249 2995 indiguum
1260 2934 1319 2982 Diis
1327 2950 1404 3010 omits

306 3009 540 3122 trutinent:
552 2997 635 3110 ‘lul
651 2998 1404 3128 lttt‘lrltf'tlz.tillufftlttltfftltf‘ttttt

309 3123 434 3184 Romam
449 3139 560 3190 proquo
575 3126 666 3178 Heius.
678 3132 702 3177 2.
714 3126 801 3190 habet,
815 3128 958 3191 patric-‘l
976 3126 1051 3178 Leid.
1062 3131 1086 3176 2.
1105 3128 1183 3176 subito
1196 3130 1262 3193 lapsu
1278 3126 1404 3177 cecidit.-

804 3269 908 3322 NOPAE

309 3404 364 3448 tum
375 3399 488 3450 obtinuit
499 3398 601 3464 Aquila,
618 3406 656 3461 ut,
671 3399 727 3448 aliis
743 3400 768 3448 in
780 3413 835 3449 cas·
909 3401 915 3434 ¹
928 3401 1053 3465 Camillos]
1062 3401 1100 3450 M.
1109 3399 1200 3449 Furius
1210 3399 1341 3463 Camillos,
1353 3401 1403 3450 Fu·

308 3474 357 3523 tris
368 3476 475 3536 relictis,
492 3475 518 3523 in
535 3476 590 3524 acie
608 3475 662 3524 sola
677 3475 780 3525 ordines
792 3490 836 3525 on·
877 3477 942 3525 rieul
953 3477 1061 3525 nominis
1073 3477 1160 3536 decus,
1173 3483 1199 3522 et
1212 3476 1308 3538 primus
1325 3477 1402 3526 aRo·

310 3550 405 3598 teiret:
422 3565 500 3614 qnam
514 3549 623 3614 denique
638 3551 668 3600 C.
680 3551 780 3600 Marios
798 3566 836 3600 se·
875 3553 944 3600 mulo
957 3552 1038 3600 Pater
1051 3551 1140 3614 patriae
1152 3559 1327 3614 nuncupatus.

308 3624 421 3675 eundum
434 3627 538 3688 Consul,
549 3625 692 3688 repudiatis
704 3625 768 3689 aliis,
780 3635 835 3676 tau·
908 3630 926 3657 ¹²¹
944 3628 1004 3676 Cum
1023 3631 1083 3676 emet
1098 3627 1218 3691 merctur]
1236 3630 1304 3676 Dum
1323 3625 1401 3672 veios

308 3717 386 3766 qoem
407 3701 471 3751 felix
496 3701 661 3752 victoriarum
683 3716 759 3751 omen
782 3703 835 3751 Ro·
876 3703 1019 3766 diriperent
1037 3703 1140 3767 milites,
1157 3705 1295 3767 praedaque
1313 3711 1403 3759 spese

308 3779 391 3827 marris
401 3778 544 3840 legionibus
555 3777 724 3826 consecravit.
771 3797 776 3806 ·
876 3779 998 3841 opinione
1009 3780 1089 3842 major
1101 3787 1161 3828 ante
1174 3780 1261 3828 oculos
1281 3776 1336 3837 ejus
1353 3772 1403 3821 fer·

247 3854 273 3900 fr
342 3853 539 3918 lProsperrimis
548 3853 672 3916 omptetu]
695 3855 797 3903 Romuli
808 3864 837 3905 et
877 3863 957 3918 retur,
971 3854 1068 3904 dicitur
1086 3869 1174 3903 manus
1194 3854 1226 3902 ad
1244 3851 1335 3899 coelum
1354 3850 1403 3898 tol·

309 3927 396 3990 Remi,
408 3945 514 3993 quorum
526 3931 656 3992 altercer,
665 3931 729 3978 alter
740 3929 838 3981 duode·
877 3932 941 3991 lens,
956 3931 1128 3980 benedixisse.
1162 3930 1205 3976 De
1223 3927 1291 3974 illius
1302 3924 1406 3975 denrna·

311 4003 359 4052 eim
371 4005 487 4055 vultures
504 4006 613 4055 viderat.
878 4006 947 4054 tione
958 4007 1031 4054 alios.
1489 4057 1492 4064 ,

343 4077 472 4143 klrretpto
492 4082 610 4144 oietmioe]
637 4081 776 4131 Victoriam
803 4081 837 4128 de
910 4078 990 4134 idn.
1001 4079 1040 4126 M.
1051 4081 1124 4126 36⁵9.
1161 4073 1204 4123 Ol.
1219 4077 1260 4124 96.
1276 4078 1300 4125 2.
1337 4076 1403 4129 Urb.

310 4152 474 4215 Veientibus,
489 4156 530 4204 sel
541 4157 625 4218 potius
637 4156 669 4205 de
681 4156 763 4205 Gallis
773 4155 838 4204 rele-
878 4151 908 4202 C.
919 4155 976 4200 ³58.
1004 4150 1066 4200 Aut.
1076 4149 1123 4199 Cb.
1134 4152 1190 4199 894.

311 4236 364 4278 tsm
374 4223 499 4287 intellige.
