3214 5170
476 407 558 454 cnr.
574 404 656 454 vrrr.
681 405 1004 459 ouuousrsurrs.
1230 397 1295 463 407

205 544 347 610 audacia
356 543 400 610 ad
415 544 638 628 usurpandam
649 545 788 611 alienam
799 547 1081 631 propinquitatem
1095 552 1293 634 tondentem,

203 646 391 730 reponetis*

246 746 277 814 7.
301 748 336 812 N
338 767 380 812 on
394 747 646 827 indignabuntur
662 744 764 810 Urbis
779 753 904 816 nostrae
918 747 1063 828 lumina?
1085 751 1127 830 si,
1143 752 1227 817 inter
1237 774 1292 823 co-

125 903 128 914 ,
202 869 274 914 rum
284 849 443 914 eximium
458 847 628 928 fulgorem,
636 847 860 911 centurionum
872 851 1120 931 quoqucvirtus
1136 860 1292 935 spectan-

202 949 275 1012 dam
292 969 330 1012 se
346 948 510 1012 obtulerit.
554 947 589 1011 N
592 967 646 1012 arn
671 954 709 1012 ut
731 948 902 1014 humilitas
924 951 1177 1033 amplitudinem
1192 973 1312 1040 vene·-

200 1049 266 1112 rari
282 1049 390 1125 debet,
405 1051 453 1112 ita
466 1050 641 1114 nobilitate
652 1057 676 1096 ³¹
699 1049 843 1124 fovenda
856 1049 976 1130 magis,
989 1070 1089 1134 quam
1104 1056 1290 1136 spernenda

201 1150 296 1215 bonec
311 1149 433 1214 indolis
457 1149 589 1214 novitas
613 1157 676 1214 est.
720 1149 774 1214 An
800 1151 889 1233 abigi
913 1151 1012 1215 debet
1035 1149 1076 1216 Τ.
1092 1151 1234 1218 Pontius
1246 1155 1288 1204 ³²³

177 1245 179 1248 ’
199 1251 241 1313 ab
257 1251 372 1314 horum
385 1252 615 1336 exemplorum
633 1253 821 1316 contextui
844 1251 901 1332 qni
928 1271 989 1333 pro
1015 1251 1163 1318 Caesaris
1187 1243 1289 1341 parii·

199 1350 263 1416 bus
292 1352 476 1428 excubans,
502 1352 669 1434 Scipionis
695 1353 855 1436 praesidio
879 1353 1096 1435 interceptus,
1126 1373 1203 1419 cum
1222 1377 1289 1423 uno

196 1452 298 1516 modo
314 1453 408 1517 salus
423 1452 467 1515 ab
482 1470 524 1515 eo
540 1451 680 1530 daretur,
697 1455 726 1517 si
750 1473 787 1515 se
804 1449 945 1515 futurum
961 1451 1023 1516 Cn.
1040 1451 1209 1536 Pompeii,
1231 1477 1288 1539 gc-

196 1553 267 1615 neri
278 1553 398 1634 ipsius,
413 1552 551 1616 militem
567 1549 776 1630 affirmasset,
789 1553 840 1617 ita
862 1553 1063 1635 respondere
1076 1571 1142 1618 non
1156 1548 1287 1622 dubita-

197 1652 262 1716 vit:
287 1653 387 1717 ‘Tibi
403 1653 549 1736 quidem,
565 1653 695 1738 Scipio,
719 1659 845 1738 gratias
859 1673 942 1738 ago:
964 1653 1025 1717 sed
1048 1650 1129 1718 mihi
1150 1657 1198 1720 uti
1221 1654 1287 1722 ista

196 1752 385 1832 conditione
401 1755 480 1821 vitoe
495 1775 560 1820 non
576 1762 629 1820 est
644 1757 772 1842 opus'i
819 1758 896 1822 Sine
910 1755 992 1820 ullis
1007 1752 1205 1839 imaginibus
1226 1779 1285 1822 no-

195 1849 296 1918 bilem
313 1855 458 1919 animum
469 1857 477 1920 l
487 1861 511 1903 ³³

236 1951 267 2015 8.
291 1953 387 2018 Idem
401 1958 600 2020 constantiae
616 1957 824 2041 propositum
846 1962 978 2021 secutus
1003 1955 1042 2020 0.
1057 1947 1284 2022 Mevius'cen-

193 2054 283 2118 turio
313 2053 395 2119 Divi
413 2053 568 2137 Augusti,
597 2076 673 2121 cum
700 2055 894 2121 Antoniano
921 2053 1033 2146 bellok
1054 2075 1282 2139 saepenumero

191 2153 394 2219 excellentes
417 2175 546 2240 pugnas
569 2157 743 2232 edidisset,
769 2157 964 2240 improvisis
989 2157 1133 2221 hostium
1152 2155 1283 2224 insidiis

192 2255 445 2333 circumventus,
458 2264 491 2320 et
506 2256 549 2320 ad
564 2257 749 2321 Antonium
761 2250 1002 2322 Alexandriam
1026 2258 1220 2341 perductur,
1234 2261 1283 2324 in·

191 2361 450 2440 terrogatusque,
476 2358 633 2441 quidnam
657 2355 702 2422 'de
726 2378 768 2422 eo
797 2363 898 2423 statui
929 2358 1082 2426 deberet:
1106 2360 1282 2443 ‘Jugulari

190 2455 262 2535 me,'
282 2457 396 2542 inquit,
418 2463 428 2492 ‘
432 2459 532 2542 jube:
549 2461 629 2543 quia
642 2477 705 2523 nec
720 2458 839 2523 salutis
853 2459 1028 2538 beneficio,
1039 2479 1151 2544 neque
1165 2461 1281 2525 mortis

189 2559 358 2642 supplicio
372 2560 493 2623 adduci
507 2580 656 2641 possum,
679 2566 717 2624 ut
738 2545 797 2624 aut
813 2558 957 2626 Caesaris
980 2562 1076 2626 miles
1090 2580 1167 2626 esse
1192 2561 1279 2625 desi-

220 2768 229 2800 i
247 2770 282 2818 lit
296 2775 374 2820 tamer
387 2771 495 2834 repulisti
504 2771 572 2820 ilium
585 2771 706 2836 Equitium
722 2777 864 2836 prognatum
881 2790 912 2824 ex
928 2774 1025 2824 obscura
1042 2776 1141 2838 quodum
1157 2775 1239 2832 domo,·
1255 2781 1279 2824 ct

186 2833 344 2910 nihilomiuus,
355 2837 418 2884 velut
428 2837 543 2897 quodum
553 2843 691 2900 montrum,
699 2843 821 2886 conantem
829 2837 876 2886 riti
886 2853 999 2901 mamare
1010 2839 1159 2904 finenem,
1168 2841 1200 2888 od
1210 2854 1279 2902 quom

188 2898 523 3026 nullulllrlupln'lldllrlastlrostroe
534 2962 599 3010 urbis
609 2977 655 3010 nori
665 2976 729 3022 egre
739 2961 829 3021 serent.

643 3098 822 3123 ‘mmm

183 3201 264 3256 Busil.
275 3202 389 3252 urbem
394 3206 571 3266 praetere-81
589 3202 632 3252 Its
643 3203 761 3267 plerique
771 3203 848 3253 codd.
861 3217 919 3252 cum
928 3203 989 3254 Vei.
998 3203 1071 3266 Mog.
1080 3203 1188 3252 Veneti.
1198 3199 1276 3255 Aldd.

184 3265 267 3316 Colin.
280 3266 380 3330 Grypo.
388 3267 478 3330 Steplr.
490 3275 517 3315 et
528 3267 597 3330 lips.
614 3267 732 3316 auiditati
744 3268 851 3332 Pighius
862 3273 890 3316 et
900 3267 1022 3326 Colerus3
1041 3283 1057 3316 u
1067 3267 1189 3316 nobilitate
1200 3263 1275 3318 llari·

182 3329 255 3380 nero.
267 3336 291 3381 7.
303 3331 335 3381 ab
347 3333 379 3380 al.
390 3347 425 3382 ru.
437 3331 536 3382 Oliver.
547 3331 654 3381 Arcens.
667 3338 695 3380 et
705 3331 894 3382 (limeum-82
913 3332 980 3381 Titus
991 3331 1068 3380 litim
1085 3332 1111 3380 in
1123 3326 1275 3398 quibusdam

183 3393 271 3456 libris;
287 3397 313 3444 in
330 3397 387 3446 eliis
405 3403 503 3446 tantum
521 3395 639 3454 Pontium
659 3395 684 3444 in
704 3397 761 3446 aliie
779 3397 862 3446 solum
881 3397 975 3454 Titium
994 3395 1020 3444 in
1039 3395 1112 3446 Leid.
1129 3399 1154 3445 θ.
1175 3395 1276 3450 Totiaer

182 3457 261 3510 Berb.
273 3464 296 3509 l.
310 3462 420 3510 Coctia:
438 3459 536 3510 excidit
550 3461 690 3522 Tpropter
701 3461 815 3510 ultimum
827 3461 853 3510 in
864 3460 941 3510 debet.
973 3459 1056 3510 Porro
1072 3457 1134 3510 olrici
1146 3473 1193 3523 pro
1210 3458 1276 3520 abigi

182 3522 267 3572 inuno
278 3524 375 3576 Brund.
386 3531 414 3575 et
425 3525 523 3591 aliquot
533 3524 710 3575 Turrem—8³
729 3525 788 3575 vet.
799 3526 904 3575 orimum
920 3524 1098 3576 ostada-m
1115 3523 1159 3574 lte
1177 3521 1275 3573 Brund.

673 3635 779 3688 NOTAE

214 3745 287 3804 tAu.
298 3747 335 3798 M.
348 3751 422 3798 3954.
439 3745 482 3799 01.
495 3748 582 3798 ΠΜ.
598 3747 663 3801 Urb.
675 3747 705 3801 C.
747 3755 826 3802 atate
846 3751 928 3802 multo
949 3749 1066 3815 superior
1092 3746 1151 3797 fnit.
1194 3745 1272 3796 Hune

180 3827 238 3875 668.
255 3821 318 3885 Ant.
330 3823 378 3874 cn.
389 3827 430 3872 90.
745 3826 867 3878 Pontium
886 3827 974 3892 Scipio
990 3839 1047 3876 cum
1067 3823 1143 3896 sociis
1159 3819 1272 3873 interfici

208 3897 340 3962 tenero]
367 3898 410 3948 Ab
427 3897 483 3948 aliis
500 3899 704 3964 Titiurlegiturr
741 3901 830 3964 jussit.
903 3929 907 3933 ·
1167 3962 1169 3969 Ι

181 3990 231 4025 non
243 3987 329 4026 tamen
343 3976 416 4025 'l'itus
425 3975 470 4025 ille
481 3975 600 4034 Pontius,
612 3977 705 4042 dequo
778 3983 789 4034 t
801 3977 851 4026 An.
860 3975 898 4025 M.
909 3979 984 4025 40⁰8.
1001 3973 1045 4024 01.
1058 3978 1114 4024 18³.
1125 3978 1149 4024 ³.
1168 3974 1232 4024 Urb.
1241 3975 1272 4024 C.

181 4051 272 4102 Cicero
282 4055 308 4102 in
320 4053 386 4103 libro
398 4052 430 4101 de
439 4051 590 4115 Senectute,
601 4060 631 4102 ut
650 4055 706 4105 vult
744 4055 801 4100 ⁷⁰7.
819 4048 985 4101 Adtento.

182 4124 303 4187 colerus3
322 4129 367 4178 ille
386 4128 453 4178 enim
463 4143 479 4176 a
490 4127 589 4178 Catone
601 4128 704 4194 Majore
776 4123 931 4176 *Actoridae
942 4125 1011 4191 tello]
1027 4125 1086 4198 Quo
1095 4125 1132 4176 Μ.
1142 4124 1268 4176 Antonius

180 4201 333 4262 appellatur,
350 4205 393 4266 qui
412 4198 537 4270 Pompeio
551 4210 578 4256 et
588 4204 703 4271 Scipioni
744 4201 775 4253 ab
787 4201 906 4266 Augusto
917 4201 949 4252 sd
963 4200 1067 4252 Actium
1079 4201 1161 4252 victus
1173 4209 1220 4252 ert.
