3214 5170
348 451 414 515 400
636 463 791 511 vanarn
816 463 961 512 ιιιιιιιιιι
986 463 1058 510 nro.
1074 462 1130 510 ιιι.

348 608 553 692 exploranda
588 607 710 670 bellica
739 606 914 682 sacrificia,
953 606 1237 690 aestimandosque
1274 607 1433 672 militares

347 711 467 774 ductus
495 706 667 784 attinebat,
696 725 812 772 omnes
840 704 981 782 foculos,
1016 725 1129 768 omnes
1158 726 1234 771 aras
1259 707 1434 791 Bithyniae,

346 809 456 872 Marto
470 808 550 890 ipso
559 807 683 891 judice,
700 812 819 889 pectus
834 804 1035 879 Hannibalis
1050 815 1338 888 praegravasset.⁸t

385 911 418 973 7.
440 909 563 992 Capax
586 907 735 990 generosi
756 904 898 986 spiritus
926 905 1008 969 illud
1033 925 1168 989 quoque
1195 907 1322 971 dictum
1342 911 1430 989 regis

345 1011 448 1095 Cotys
458 1031 466 1075 ε
475 1023 486 1050 ⁰
496 1010 547 1060 ⁶⁹⁸
567 1014 604 1071 ut
618 1007 705 1069 enim
720 1005 763 1067 ab
774 1002 1038 1069 Atheniensibus
1054 1006 1226 1070 civitatem
1241 1007 1305 1070 sibi
1320 1009 1434 1072 datam

344 1111 518 1191 cognorit:
541 1109 606 1171 ‘Et
628 1105 710 1188 ego,'
732 1106 853 1189 inquit,
880 1107 972 1170 ‘illis
998 1125 1083 1169 meae
1108 1107 1218 1188 gentis
1238 1106 1297 1190 jus
1323 1106 1433 1173 dabo.'

341 1210 503 1293 AEquavit
515 1206 658 1272 Athenis
672 1204 863 1282 Thraciam,
874 1225 929 1283 ne,
943 1205 1173 1272 vicissitudine
1181 1215 1209 1256 ⁷⁰
1230 1207 1309 1271 talis
1319 1209 1432 1290 „bene-

339 1311 407 1376 ficii
420 1311 580 1392 imparem
595 1327 631 1371 se
642 1306 837 1390 judicando,
852 1307 1008 1372 humilius
1024 1309 1064 1371 de
1078 1308 1201 1389 origine
1222 1315 1286 1375 s'ua
1309 1310 1432 1374 sentire

341 1411 600 1474 existimaretur.

382 1512 414 1577 8·
438 1509 607 1574 Nobiliter
622 1507 724 1572 etiam
737 1513 874 1591 uterque
884 1507 1081 1591 Spartanus,
1096 1516 1129 1572 at
1143 1509 1202 1591 qui
1214 1508 1395 1593 increpitus
1409 1529 1431 1572 a

338 1612 498 1696 quodam,
511 1608 600 1691 quod
610 1610 645 1672 in
658 1609 764 1672 aciem
776 1609 914 1673 claudus
929 1609 1160 1687 descenderet,
1177 1613 1353 1692 ‘pugnare
1363 1630 1428 1672 non

337 1714 452 1794 fugere
464 1709 674 1792 propositum
688 1708 754 1772 sibi
769 1707 866 1771 esso'
888 1711 1114 1792 respondit37¹
1138 1716 1170 1775 et
1191 1712 1249 1793 qui
1271 1711 1428 1775 referente

338 1812 494 1896 quodam,
531 1810 661 1892 sagittis
696 1808 873 1873 Persarum
909 1811 1014 1873 solem
1052 1811 1225 1876 obscurari
1260 1811 1383 1874 solere:
1399 1818 1426 1858 ⁷²

339 1914 454 1977 ‘Bene
468 1908 625 1988 narras,'¹¹
647 1910 765 1991 inquit,
788 1910 844 1973 ‘in
870 1910 987 1974 umbra
1011 1911 1099 1974 enim
1128 1913 1243 1975 melius
1257 1911 1426 1994 praeliabi-

337 2012 464 2079 ιιιιιι.’73
509 2012 670 2095 Ejusdem
685 2012 737 2075 vir
750 2011 841 2074 urhis
856 2018 960 2092 atque
975 2012 1119 2089 animia*
1133 2011 1260 2094 hospiti
1275 2031 1349 2090 suo,
1365 2031 1426 2094 pa·

335 2117 408 2180 triae
424 2131 535 2178 muros
549 2111 705 2176 excelsos
720 2113 876 2192 latosque
886 2111 1084 2190 ostendenti,
1098 2112 1205 2177 dixit:
1230 2116 1240 2145 ‘
1256 2111 1294 2177 Si
1308 2112 1425 2177 mulie-

334 2219 425 2281 ribus
439 2217 523 2278 istos
539 2212 772 2294 comparastis,
786 2218 895 2276 recte:
919 2215 949 2275 si
964 2213 1056 2289 viris,
1071 2213 1256 2295 turpiterlr

367 2439 381 2462 ¹
398 2432 432 2480 Et
442 2445 496 2481 roae
506 2433 566 2495 quod
581 2428 712 2494 pertinebat
721 2428 752 2475 ud
762 2427 951 2489 commeandum,
967 2426 1024 2488 quiri
1033 2427 1149 2490 sacrificio
1158 2428 1241 2477 heilica
1249 2433 1426 2492 portenderent,

365 2494 418 2545 idae
434 2496 460 2545 ia
475 2512 502 2544 re
517 2496 618 2543 militare·
627 2496 686 2541 esset
697 2493 822 2552 agendum,
838 2491 900 2538 solur
917 2491 1031 2551 dandal,
1050 2492 1132 2540 Morte
1151 2492 1199 2555 ipso
1210 2492 1303 2552 judice,
1318 2498 1373 2554 plur
1391 2497 1427 2542 oi·

352 2559 417 2621 bret,
433 2574 502 2620 parm
513 2570 589 2604 amaea
600 2555 724 2619 Bithynia
735 2555 853 2618 amphos
866 2568 910 2617 per
919 2554 1037 2619 rocnflcia
1048 2556 1073 2603 in
1080 2553 1168 2614 focalia
1179 2561 1202 2604 et
1210 2556 1259 2604 orie
1269 2557 1384 2606 exhibite.

368 2623 458 2671 ‘Illud
476 2620 670 2682 perpraedictum
688 2618 764 2680 Regia
779 2619 852 2683 Colpe
867 2618 964 2680 dignum
983 2623 1028 2682 ert,
1045 2621 1104 2682 quod
1121 2635 1137 2668 a
1154 2634 1265 2680 generoso
1284 2621 1335 2669 uiro
1354 2623 1427 2670 ereis·

334 2701 385 2734 rum
405 2686 445 2732 rit.

363 2757 379 2789 ν
389 2747 418 2795 Si
426 2747 479 2796 illos
488 2762 567 2797 maror
581 2745 735 2797 committit
744 2747 776 2794 od
786 2745 942 2805 defendendos
951 2746 1067 2807 mulieres,
1083 2748 1147 2795 reete
1157 2745 1266 2805 ferietis:
1280 2749 1303 2796 ei
1316 2749 1347 2796 od
1362 2750 1426 2798 υίνω

332 2813 497 2874 protegendae,
513 2813 558 2876 qut
568 2811 645 2860 aruris
657 2825 685 2860 re
697 2809 765 2859 tueri
776 2809 881 2872 debent,
898 2813 1001 2873 turpiter
1011 2810 1104 2872 egisti.

790 2936 968 2957 mm&

332 3018 417 3067 tiorum
434 3022 536 3068 rra-ho
557 3019 663 3068 Colerna
685 3017 831 3082 suspicatur
849 3016 986 3078 legendum
1005 3031 1070 3077 aare,
1092 3018 1196 3076 Gothum
1211 3019 1331 3069 vorstius
1352 3032 1424 3081 vero,

334 3082 426 3145 Cotyis,
442 3089 470 3132 et
489 3082 605 3147 Guyetus
625 3082 725 3145 Golpoa·
750 3082 826 3131 codd.
848 3081 997 3130 Torreniani
1018 3082 1125 3143 habent,
1146 3083 1223 3143 Cotti,
1245 3083 1326 3144 Codri,
1347 3083 1423 3146 Graii,

333 3146 407 3206 Cotti,
417 3152 446 3196 et
458 3147 601 3196 Cerri-⁷⁰
620 3145 771 3195 Perizonius
783 3145 851 3207 conj.
861 3145 1090 3195 vicissitudini-⁷1
1108 3147 1202 3209 Copae.
1211 3161 1317 3208 pigriore
1330 3147 1384 3208 sihi,
1399 3153 1425 3196 et

330 3225 377 3258 aon
386 3208 475 3270 sugere
483 3212 627 3274 propositam
637 3225 685 3258 eree
694 3209 888 3272 responait—⁷2
904 3208 980 3258 Harl.
988 3210 1087 3258 omittit
1096 3211 1243 3259 alera-ra
1260 3211 1354 3274 Copea.
1364 3225 1423 3259 cum

332 3288 378 3322 sex
386 3275 495 3323 Torren.
506 3288 557 3322 non
566 3275 663 3322 hahent
674 3274 770 3330 metim
787 3273 847 3321 Vet.
857 3272 962 3328 exhibet
969 3272 1129 3334 proeliohimar
1138 3275 1219 3323 melina
1226 3290 1235 3331 5
1251 3288 1315 3322 unns
1324 3275 1423 3323 Brand.

331 3345 358 3387 et
369 3338 465 3400 Ultrej.
476 3341 499 3386 1.
509 3337 730 3401 praeliabitur-74
745 3336 869 3400 Plerique
880 3336 956 3386 codd.
964 3337 1072 3387 Torren.
1084 3338 1163 3387 verba
1172 3339 1221 3387 hoc
1238 3338 1328 3388 ordine
1345 3339 1423 3388 collo-

331 3406 407 3451 caot:
425 3402 537 3462 Eitudem
547 3401 612 3451 urhis
622 3402 660 3449 air
668 3406 737 3465 atque
747 3400 830 3449 animi.

821 3511 931 3561 NOTAE

361 3626 436 3684 trin.
448 3626 486 3676 M.
496 3629 570 3674 asto.
588 3623 732 3676 otmar.
748 3627 854 3677 Urbc.
894 3640 935 3676 see
956 3632 1059 3690 gerunt,
1082 3625 1210 3676 exercitui
1233 3639 1278 3674 eno
1294 3626 1420 3688 praefeee·

329 3706 386 3752 569.
403 3701 466 3752 Ant.
474 3702 520 3751 cb.
530 3705 587 3750 183.
894 3709 961 3752 rant.

360 3776 468 3840 temys]
484 3777 540 3825 Rex
550 3775 675 3839 Thraciae,
686 3789 762 3840 quem
774 3775 853 3826 Athe·
925 3776 1015 3828 burne
1033 3776 1130 3838 auom]
1160 3776 1300 3840 Leonidas,
1321 3776 1362 3839 qui
1383 3777 1418 3826 ad

328 3852 438 3915 uienaes,
454 3852 516 3906 rium
534 3851 630 3904 bellurn
641 3857 732 3904 contra
742 3852 853 3904 Dorieu-
892 3851 1076 3917 Thermopylae
1086 3851 1190 3915 cecidit,
1200 3866 1234 3902 eu
1245 3849 1372 3901 Frontino.
