3214 5170
339 425 405 490 388
620 441 777 488 vsuearr
802 439 948 488 uaxrur
976 441 1046 489 uin.
1071 441 1125 489 ru.

339 605 438 688 ipsis,
455 599 680 683 jumentisque
705 617 828 674 corum,
852 597 1034 661 incolumes
1056 598 1211 664 dimisit*
1255 602 1332 682 Quo
1360 607 1427 667 tam

338 705 435 786 pleno
459 699 594 764 fiduciae
616 700 735 783 spiritu
758 699 849 781 prius
877 700 1005 762 animos
1019 699 1179 777 hostium,
1203 722 1301 785 quam
1326 723 1428 779 arma,

338 801 501 867 contudit.
525 801 650 868 Vemm
665 805 702 863 ut
716 797 759 860 ad
774 797 957 890 domestica
971 797 1103 862 eximiae
1119 800 1191 882 ejus
1205 803 1337 868 fiduciae
1348 811 1428 867 acta

335 905 518 978 veniamus,
530 921 604 966 cum
620 918 642 962 a
653 899 691 962 L.
707 897 866 980 Scipione
880 917 926 962 ex
941 897 1164 965 Antiochensi
1178 905 1325 984 pecunia
1337 905 1428 967 H-S.

336 1005 552 1090 quadragies⁰
573 999 658 1062 ratio
673 998 707 1060 in
721 997 814 1061 curia
828 1005 1063 1080 reposceretur,
1080 1002 1246 1084 prolatum
1269 1005 1312 1066 ab
1328 1023 1370 1066 eo
1385 1005 1428 1068 li·

333 1108 452 1176 brum,⁷
473 1121 539 1183 quo
553 1103 703 1180 acceptae
725 1103 758 1162 et
770 1118 932 1181 expensae
949 1120 1088 1167 summae
1114 1103 1376 1180 continebantur,
1392 1112 1429 1169 et

332 1203 439 1268 refelli
453 1201 664 1265 inimicorum
679 1200 851 1264 accusatio
872 1205 1014 1283 poterat,
1039 1201 1255 1286 discerpsit:'
1272 1204 1427 1283 indigna·

333 1313 388 1368 tus
403 1303 445 1368 de
459 1321 500 1366 ea
514 1321 550 1364 re
565 1299 724 1373 dubitari,
740 1319 815 1382 quae
837 1303 899 1364 sub
914 1303 992 1383 ipso
1006 1303 1114 1384 legato
1130 1303 1360 1367 administrata
1374 1305 1428 1366 tu-

331 1412 426 1469 eratt
470 1401 564 1481 Quin
584 1401 684 1463 etiam
704 1401 738 1462 iu
752 1399 839 1464 huuc
855 1401 993 1464 modurn
1008 1403 1093 1483 egit:
1117 1402 1221 1465 ‘Non
1235 1402 1349 1478 reddo,
1364 1424 1427 1486 pa·

330 1513 400 1570 tres
415 1503 607 1585 conscripti,
633 1502 755 1566 serario
775 1506 884 1565 vestro
910 1501 1014 1565 Η-8.8
1037 1503 1238 1585 quadragies
1253 1504 1423 1579 rationem,

329 1607 431 1670 alieni
445 1603 578 1687 imperii
591 1602 754 1678 minister,
769 1601 861 1684 quod
876 1621 952 1665 meo
968 1602 1084 1680 ductu,
1094 1603 1242 1686 meisque
1257 1605 1422 1687 auspiciis

329 1708 382 1770 bis
395 1706 519 1769 millies
535 1702 623 1766 H-S.
639 1702 771 1765 uberius
786 1702 861 1764 feci.
906 1701 1028 1783 Neque
1042 1703 1129 1766 anim
1143 1703 1219 1780 huo,
1230 1709 1340 1785 puto,⁹
1353 1713 1424 1768 ma·

329 1807 491 1889 lignitatis
506 1811 653 1881 ventum,
676 1803 734 1867 ut'
755 1802 805 1865 de‘
819 1821 895 1866 mea
918 1803 1104 1867 innocentie
1129 1803 1336 1885 quaerendum
1361 1805 1422 1867 sit.

330 1905 421 1970 Nam
435 1925 512 1969 cum
527 1904 678 1969 Africam
692 1906 794 1966 totam
805 1902 967 1984 potestati
977 1909 1099 1967 vestroe
1112 1904 1324 1986 subjecerim,
1337 1904 1423 1968 nihil

329 2026 375 2070 ex
388 2027 430 2072 ea
442 2006 531 2090 quod
545 2025 655 2070 meum
666 2005 838 2080 diceretur,
853 2010 975 2086 praeter
990 2023 1185 2085 cognomen,
1200 2004 1304 2069 retuli
1342 2004 1423 2068 Non

327 2108 424 2190 igitur
438 2127 491 2169 me
507 2107 656 2182 Punicae,
678 2125 745 2168 non
760 2103 894 2168 fratrem
915 2126 1026 2170 meum
1040 2104 1203 2170 Asiaticae
1228 2125 1321 2188 gazae
1341 2124 1423 2170 ava-

326 2228 397 2272 rum
413 2207 643 2271 reddiderunt:
660 2206 720 2270 sed
737 2211 876 2285 uterque
891 2210 1041 2267 nostrum
1050 2205 1158 2284 magis
1172 2205 1422 2290 invidia,quam

325 2308 468 2390 pecunia
498 2308 693 2390 locupletior
721 2302 796 2366 est'
839 2303 925 2364 Tam
955 2307 1164 2365 constantem
1194 2305 1422 2372 defensionem

327 2407 499 2493 Scipionis
514 2409 690 2470 universus
706 2404 848 2466 Senatus
863 2400 1102 2485 comprobavit.

285 2555 287 2564 '
356 2571 367 2608 s
384 2574 466 2633 Neque
475 2570 602 2632 erimperto
612 2566 712 2634 aliquem
722 2566 946 2618 tauretunensis
958 2566 1189 2633 meodium,ut,trr.

321 2785 387 2829 nstt.
399 2779 496 2830 habeut
505 2781 675 2829 ducende—7
693 2781 736 2830 lta
747 2780 854 2845 Pighius
865 2794 881 2828 e
891 2785 943 2829 vet.
954 2777 1013 2828 cod.
1025 2777 1137 2828 cornelii
1148 2793 1236 2830 omnes
1245 2785 1273 2830 et
1281 2780 1342 2832 odd.
1351 2791 1419 2836 vett.

321 2844 460 2894 haherent:
476 2847 568 2907 moleto
579 2845 608 2893 ub
618 2860 645 2894 eo
656 2846 724 2897 libro.
749 2847 812 2894 Mox
824 2858 916 2892 novem
927 2844 1035 2892 Torren.
1053 2848 1076 2891 et
1093 2859 1137 2906 quo
1147 2844 1240 2903 refelli.-
1257 2860 1304 2907 pro
1315 2847 1420 2911 disem-

319 2908 362 2970 sit,
377 2908 492 2957 nonnulli
503 2923 561 2957 oum
572 2909 643 2972 Meg.
654 2909 818 2959 discessit-8
834 2909 927 2972 Copes.
939 2913 966 2956 et
979 2908 1138 2957 slii‘lorren.
1150 2906 1267 2958 Sestertii
1274 2925 1285 2968 ,·
1301 2917 1329 2960 et
1347 2913 1419 2974 dein,

321 2973 358 3021 bis
368 2973 452 3021 millies
462 2974 591 3022 sestertio:
608 2973 680 3022 Leid.
691 2979 715 3023 7.
724 2974 818 3036 Ultrej.
828 2978 852 3024 1.
860 2977 886 3022 2.
897 2979 925 3021 et
936 2969 1017 3021 Barb.
1028 2975 1052 3020 2.
1061 2973 1224 3020 sceatta—9
1240 2973 1283 3022 Ita
1296 2975 1372 3038 Pigh.
1383 2991 1418 3026 err

321 3036 410 3086 Colon.
430 3035 532 3086 (lembi.
551 3043 580 3086 et
588 3039 690 3088 Wiuok.
707 3037 825 3101 plerique
845 3035 922 3086 codd.
939 3037 1047 3085 Torren.
1064 3049 1122 3084 cum
1141 3035 1214 3099 Meg.
1234 3036 1277 3086 buc
1296 3045 1354 3100 puto
1373 3054 1418 3096 sor

320 3099 395 3150 Harl.
406 3101 481 3151 adbuc
488 3106 581 3165 putueo
586 3117 596 3159 ,·
613 3102 667 3165 alii,
683 3102 758 3152 adbuc
771 3106 837 3166 puto.
871 3101 903 3149 ln
923 3098 997 3148 Leid.
1014 3103 1040 3149 8.
1059 3111 1138 3163 supra
1155 3099 1200 3148 huc
1218 3100 1358 3164 ascriptum
1374 3111 1417 3152 est

814 3209 923 3263 NOTAE

317 3305 368 3358 illis
379 3307 481 3359 dedisse
496 3311 632 3373 viaticum
650 3313 764 3362 Zonaras
775 3324 847 3372 uero,
888 3319 988 3369 unitura
1004 3317 1037 3366 sd
1048 3317 1117 3367 mine
1131 3316 1266 3381 procedat,
1281 3332 1415 3369 numm.

319 3397 351 3434 εκ
371 3384 453 3434 tribus
472 3388 678 3449 speculatoribus
696 3388 760 3438 duos
779 3385 848 3450 apud
888 3401 931 3445 tur
948 3394 1063 3444 sestertii
1079 3395 1180 3454 decem,
1195 3394 1299 3458 viginti,
1310 3398 1358 3444 &c
1369 3396 1415 3446 sis

321 3460 470 3524 Scipionem
482 3463 551 3512 ultro
563 3465 694 3514 mansisse.
887 3469 958 3518 mille
975 3470 1008 3517 ed
1020 3469 1170 3531 minionem,
1186 3470 1227 3519 vel
1238 3470 1326 3519 decern
1336 3471 1415 3520 millis

349 3535 429 3586 ‘Am
445 3537 484 3587 M.
500 3540 573 3588 3858.
598 3539 643 3590 Ol.
661 3543 716 3589 144.
732 3543 757 3588 8.
780 3537 847 3588 Urb.
887 3543 1019 3604 sestertia,
1037 3543 1080 3592 vel
1097 3542 1187 3593 decem
1204 3543 1411 3594 millissesterti-

318 3601 417 3662 0661.
434 3612 498 3664 Aut.
510 3614 557 3663 Ch.
568 3618 626 3664 201.
887 3631 944 3666 um:
971 3617 1219 3668 siveroamillione
1238 3618 1270 3667 ad
1288 3619 1414 3681 majorem

348 3692 359 3718 ²
370 3687 425 3737 HS.
434 3687 588 3752 quadragies]
604 3687 727 3750 intellige
736 3695 846 3736 centena
886 3705 1032 3752 numerum,
1041 3699 1093 3742 eut
1101 3693 1188 3742 decies
1198 3694 1354 3756 sestertium,
1366 3701 1414 3743 sut

316 3761 397 3810 millia
424 3763 581 3813 sestertium.
622 3761 762 3811 sestertius
787 3769 846 3812 eret
885 3766 971 3815 decies
982 3775 1094 3818 centens
1104 3769 1259 3820 sestertium.

316 3842 409 3898 quarta
426 3851 486 3899 pars
507 3837 614 3899 denarii,
634 3851 681 3885 seu
698 3835 750 3885 duo
772 3851 843 3887 asses
927 3838 1099 3906 ‘Discerpsifl
1138 3843 1273 3894 obtulisse
1296 3841 1414 3894 libellum

316 3923 375 3964 cum
387 3913 509 3975 semisse3
536 3927 564 3963 as
581 3927 643 3963 vero
658 3919 686 3962 et
703 3913 769 3964 libra
784 3928 843 3964 cum
882 3915 974 3966 scribit
982 3917 1083 3968 Gellius
1092 3939 1100 3981 3
1114 3917 1210 3968 deinde
1228 3918 1347 3969 continuo
1360 3918 1415 3969 dis·

315 3982 384 4035 idem
405 3995 483 4051 esset,
501 3990 635 4039 sestertius
652 3989 691 4037 his
706 3989 773 4038 uotis
789 3989 842 4039 Lu.
883 3991 1002 4054 cessisse,
1019 4007 1078 4042 cum
1095 3992 1210 4042 diceret:
1235 3994 1415 4053 ‘porsenam
1485 3996 1488 4000 '

316 4055 345 4102 S.
357 4059 485 4123 designari
502 4064 611 4127 primum
631 4065 740 4127 solebat,
760 4065 797 4114 ita
814 4071 844 4114 ut
884 4064 979 4114 tionem
991 4066 1117 4128 reddere;
1134 4067 1239 4117 sednon
1250 4064 1362 4118 seciam!
1421 4103 1426 4116 .

315 4127 368 4177 Lis.
385 4132 473 4195 libres,
489 4137 517 4184 S.
529 4140 661 4187 semissem
678 4140 841 4189 indicarent:
914 4138 990 4194 trin.
1002 4141 1040 4189 Μ.
1050 4145 1123 4190 4867.
1141 4144 1185 4194 01.
1198 4147 1287 4198 1482.
1302 4143 1368 4198 Urb.
1381 4145 1414 4200 c,

317 4207 409 4268 postea
427 4219 487 4256 vero
504 4209 551 4258 hoc
569 4213 718 4260 charactere
731 4213 785 4261 Hs.
796 4227 841 4260 no·
881 4218 938 4263 666.
957 4213 1020 4263 Ant.
1033 4214 1080 4265 Ch.
1094 4219 1150 4268 186.

316 4277 367 4330 tari
377 4278 466 4342 ooepit.
498 4281 526 4329 Si
538 4295 656 4332 numerus
667 4282 798 4332 institutus
807 4285 840 4338 ab
