3210 5158
347 379 412 444 tac
643 387 796 440 vacuari
821 389 965 441 urxrur
988 387 1058 440 nis.
1082 391 1130 440 rvr

347 533 506 598 adversus
530 543 568 595 s'e
594 531 856 613 pertinacissime
882 549 988 608 usum,
1012 530 1237 614 tyrannidem·
1259 532 1423 600 coitibus

349 628 529 698 delatam⁸⁰
550 629 701 714 adeptus,
716 629 943 694 tantummodo
958 629 1038 714 quid
1061 631 1094 694 in
1119 634 1336 717 opprimendo
1350 654 1425 720 poe-

346 738 407 807 set,
423 729 621 795 admonetur
1067 788 1069 794 .

386 833 420 896 7.
443 829 557 914 Hujus
567 832 631 896 viri
645 828 764 894 mentio
779 827 927 911 subjicit,
950 837 989 895 ut
1012 830 1054 895 de
1077 836 1208 912 septem
1223 835 1427 917 sapientium

344 931 571 996 moderatione
594 929 742 994 referam.
786 926 820 992 A
835 930 1073 1012 piscatoribus*
1093 931 1127 996 in
1144 931 1280 997 Milesia
1294 935 1426 1017 regione

343 1033 540 1099 verriculum
549 1030 598 1068 ⁸¹¹¹
618 1027 822 1094 trahentibus
853 1032 989 1112 qnidam
1009 1032 1136 1115 J‘actum
1159 1039 1310 1097 emerat*
1353 1034 1425 1098 Ex-

342 1137 446 1197 tracta
461 1128 579 1193 deinde
591 1127 701 1209 magni
716 1128 872 1211 ponderis
887 1148 988 1195 aurea
1001 1148 1116 1195 mensa
1131 1131 1322 1214 Delphica,v
1349 1139 1426 1198 orta

341 1228 565 1316 controversia
578 1234 648 1306 est3
668 1227 735 1292 illis
750 1228 894 1311 piscium
917 1249 953 1294 se
978 1238 1150 1313 capturam
1170 1230 1358 1296 vendidisse
1373 1232 1427 1297 at'·

339 1329 554 1405 firmantibus,
567 1326 633 1391 hoc
648 1328 811 1392 fortunam
821 1327 937 1410 jactus
950 1348 988 1393 se
1001 1329 1156 1392 emisse⁸¹
1169 1330 1321 1393 dicente.³
1344 1329 1425 1409 Qua

339 1426 564 1494 conditione⁸³
587 1432 720 1510 propter
734 1427 917 1492 novitatem
929 1429 988 1505 rei,
1001 1435 1036 1493 et
1050 1430 1306 1509 magnitudinem
1320 1451 1422 1514 pecu·

337 1531 414 1606 niae,
430 1529 473 1593 ad
488 1528 676 1592 universnm
696 1526 769 1610 ejus
792 1527 942 1594 ciuitatis
966 1528 1132 1611 populum
1158 1528 1276 1607 delata,
1296 1530 1422 1613 placuit

338 1629 532 1713 Apollinem
547 1626 746 1709 Delphicum
762 1627 906 1706 consuli,
929 1630 940 1662 ‘
955 1629 1089 1693 cuinam
1103 1628 1287 1711 adjudicari
1306 1651 1419 1697 mensa

338 1727 490 1793 deberet!
532 1727 625 1792 Deus
639 1727 825 1810 respondit,
848 1729 918 1794 ‘illi
933 1748 1010 1794 esse
1024 1729 1196 1808 dandam*
1216 1732 1273 1814 qui
1287 1732 1419 1814 sepien-

339 1829 387 1894 tia
400 1834 527 1894 ceteros
541 1830 731 1912 praestaret,’
752 1830 805 1894 his
820 1830 946 1896 verbis:
957 1830 987 1878 ⁸4
1408 1833 1412 1848 '

369 2044 386 2110 ξ·
403 2035 529 2112 Qsidfrara
545 2033 698 2109 mambae
706 2049 752 2084 sos
766 2036 872 2099 praeta
883 2037 968 2088 Mileto
981 2041 1032 2088 rete
1048 2036 1193 2088 trahentibus
1207 2041 1294 2088 emerat
1308 2035 1421 2100 quidquid

335 2113 412 2162 presso
422 2105 481 2148 retra
489 2103 558 2157 Jactu
567 2103 688 2162 cepuscat.

337 2164 493 2274 csr'ctlzmm
513 2175 567 2210 cero
584 2163 674 2211 dante
690 2176 717 2211 sc
736 2163 828 2226 amhae,
843 2163 956 2228 quidquid
969 2163 1069 2224 sutum
1088 2165 1116 2214 ia
1136 2169 1186 2214 rete
1204 2165 1246 2214 tec
1266 2163 1336 2224 jactu
1351 2162 1418 2212 iade-

335 2417 401 2462 vett.
413 2404 661 2478 acirimllityicnoe
670 2415 770 2462 delatum
777 2429 788 2469 ,-
803 2411 848 2460 sed
861 2424 949 2460 vocem
963 2410 1085 2474 Mitylene
1095 2409 1221 2472 expunxit
1233 2412 1348 2476 Pighius,
1359 2417 1420 2478 quia

330 2477 360 2526 'in
372 2478 449 2526 nullis
460 2478 535 2527 codd.
548 2481 725 2539 apparet-81
744 2477 810 2523 Dan.
826 2488 891 2522 unos
912 2473 1009 2522 Brund.
1026 2473 1152 2523 heroda
1165 2479 1189 2524 5.
1199 2476 1224 2522 7.
1241 2481 1269 2523 et
1283 2477 1382 2527 Medic.
1394 2485 1421 2531 2.

329 2541 501 2594 comitaturis
516 2552 595 2599 marg.
606 2539 700 2598 Copes.
712 2552 769 2586 cunr
779 2538 840 2586 Vct.
851 2542 878 2586 et
889 2537 968 2586 Barb.
981 2542 1003 2585 1.
1015 2551 1030 2586 a
1046 2551 1079 2586 nr.
1097 2551 1150 2586 sec.
1169 2537 1290 2586 reticulum
1298 2553 1307 2596 ‚·
1324 2541 1421 2604 reliqui

335 2603 409 2653 codd.
421 2615 477 2650 curn
488 2600 547 2649 edd.
555 2601 671 2649 omnibus
682 2601 738 2649 altis
748 2601 961 2650 unitatum-82
979 2599 1045 2650 Edd.
1063 2605 1128 2649 vett.
1147 2600 1188 2648 tac
1196 2601 1320 2660 fananum
1335 2605 1422 2655 damae

331 2667 431 2722 amiam
448 2670 502 2711 tres
511 2662 586 2712 codd.
598 2662 735 2726 Pighiaui:
751 2665 794 2712 toc'
804 2662 958 2723 assaturam
969 2668 1058 2711 bactro
1068 2665 1165 2720 muse}
1181 2665 1207 2712 iu
1220 2663 1291 2712 aliis:
1309 2665 1351 2714 lece
1363 2668 1421 2726 for.

334 2735 414 2778 tusca
423 2731 546 2774 tractasse
556 2727 652 2784 emtam
668 2727 720 2777 duo
730 2727 805 2777 codd.
817 2727 939 2790 lipsiam,
955 2732 983 2776 et
993 2727 1109 2775 nonnulii
1118 2728 1226 2775 Porsen.
1241 2741 1298 2776 cum
1310 2728 1372 2779 vet.
1390 2739 1420 2781 et

328 2792 406 2853 Mog.
415 2790 513 2849 jactus,-
529 2790 571 2838 alii
582 2791 658 2839 codd.
669 2788 796 2840 fluctuant
805 2791 875 2856 inter
883 2792 967 2839 dmtus
975 2797 1003 2839 et
1013 2793 1117 2838 tractus:
1136 2789 1208 2840 Leid.
1225 2793 1250 2839 ⁸.
1261 2795 1361 2854 traam,
1377 2797 1419 2844 vel

333 2855 426 2914 dactus,
442 2855 484 2902 rel
492 2855 589 2915 jactus,⁸
606 2855 678 2903 Leid.
690 2859 715 2904 7.
727 2860 756 2905 ut
767 2854 794 2902 iu
804 2853 882 2904 Aldd.
892 2861 918 2903 et
929 2854 1018 2903 Chalc.
1028 2852 1135 2912 sartssoe
1145 2855 1230 2904 ductas
1239 2855 1330 2916 arubae,
1346 2863 1374 2905 et
1385 2858 1419 2908 ah

334 2916 385 2966 alla
403 2929 487 2978 manu,
498 2915 622 2976 sutanum
638 2923 743 2967 tractus:
762 2919 885 2967 Torrenio
901 2919 981 2980 magis
1000 2917 1086 2980 placet
1107 2921 1205 2965 bactu.
1238 2917 1269 2965 ln
1287 2919 1418 2998 plerisque

333 2979 409 3029 codd.
420 2988 448 3029 et
458 2980 519 3031 edd.
528 2980 604 3030 deest
614 2986 712 3032 sa-ttt
728 2981 736 3008 ‘
747 2982 791 3030 lta
801 2983 863 3030 Vet.
872 2995 930 3030 cum
939 2981 1158 3031 ressurectione
1169 2981 1295 3031 tresMss.
1307 2990 1334 3033 ct
1344 2984 1420 3036 editt.

333 3043 401 3108 qaod
408 3043 498 3106 J'ndice
509 3045 636 3094 Torrenio
647 3046 710 3094 satis
721 3046 825 3095 tolerari
841 3052 972 3108 potuerat.
1004 3046 1106 3108 Lipsius
1125 3044 1186 3094 satis
1205 3045 1337 3108 ingeniose
1355 3049 1420 3112 legit

333 3107 473 3168 cognitione.
502 3108 654 3158 Perizonius
665 3109 771 3171 conjicit
781 3108 942 3160 catturae:
958 3109 1019 3171 Καρ
1038 3143 1045 3158 .
1078 3108 1151 3158 laeid.
1162 3113 1186 3157 s.
1196 3109 1337 3170 anditione,
1347 3116 1376 3161 ct
1387 3113 1419 3162 ab

334 3171 367 3220 al.
379 3184 412 3218 nr.
430 3173 592 3229 contentiosae
608 3173 702 3236 copes.
718 3172 970 3223 autumatione-84
987 3173 1009 3220 Ε
1029 3171 1054 3221 d.
1071 3177 1137 3220 vett.
1158 3171 1196 3220 lis
1213 3173 1289 3220 cobis
1309 3175 1418 3234 Greci-⁵3
1517 3229 1519 3236 ,

335 3232 520 3284 sedet-Gracia
529 3249 581 3285 noc
594 3237 725 3300 reperitur
736 3237 764 3286 in
775 3235 851 3286 codd.
884 3235 1016 3300 Integrum
1027 3249 1175 3299 responsum
1187 3235 1238 3285 tale
1250 3243 1305 3286 est:

821 3370 927 3422 NOTAE

366 3483 554 3548 ’thennim
579 3485 694 3548 Pittaco,
710 3490 855 3549 postquam,
894 3481 942 3532 hus
952 3482 1069 3532 Milesios
1080 3483 1195 3546 hospites
1203 3485 1418 3546 capturamemis·

335 3563 363 3607 et
372 3558 537 3622 Phrynonem
551 3558 745 3608 Atheniensium
756 3559 857 3620 ducem,
895 3573 923 3608 se
938 3558 1028 3608 scribit
1044 3558 1208 3621 Plutarchus,
1223 3564 1419 3623 extractumque

334 3640 362 3684 et
372 3634 449 3684 Lesbi
459 3639 594 3698 tyrannim
608 3634 749 3695 superavit,
758 3647 857 3682 summe
894 3633 1022 3697 tripodem
1053 3647 1167 3696 aureum,
1198 3646 1274 3697 quem
1311 3632 1419 3692 Helena,

327 3713 448 3772 potestas
459 3723 474 3756 a
487 3707 584 3757 civibus
602 3705 688 3757 delata
698 3714 756 3767 est;
780 3721 855 3771 quarn
895 3721 953 3757 cum
965 3707 1067 3769 a'lhoja
1082 3706 1226 3770 navigaret,
1245 3707 1350 3756 oraculo
1365 3719 1416 3753 uro·

334 3797 392 3833 curn
415 3797 510 3833 summa
532 3781 654 3847 aequitate
676 3781 766 3832 decem
782 3781 855 3831 annis
894 3782 949 3832 nita
959 3783 1026 3832 hunc
1037 3783 1063 3830 in
1075 3782 1157 3832 locum
1167 3781 1307 3845 dejecerat.

334 3860 468 3923 tenuisset,
479 3859 746 3925 patriamquelessibcs
757 3858 857 3923 sapien·
926 3859 1109 3922 everriculum]
1134 3859 1193 3909 Hoc
1209 3866 1249 3909 est
1267 3865 1330 3914 rete,
1347 3851 1417 3918 quod

334 3933 437 3983 cissimis
448 3940 628 3999 temperasset,
638 3937 706 3984 ultro
717 3933 843 3998 deposuit.
895 3948 942 4000 per
953 3934 1038 3983 alvum
1048 3932 1160 3984 fluminis
1172 3928 1293 3982 tr·ahitnr.'

365 4009 440 4062 tatu.
449 4010 488 4060 Μ.
499 4015 572 4062 8448.
595 4010 639 4061 01.
648 4013 690 4062 4³.
699 4012 724 4058 i.
749 4009 814 4060 Urb.
826 4009 855 4059 C.
926 4018 938 4042 '
950 4011 1035 4060 Mersa
1050 4007 1180 4072 Delphica]
1206 4005 1340 4069 'tripodem
1351 4003 1419 4054 Del·

337 4081 392 4128 ltr.
410 4083 474 4133 Aut·
487 4085 534 4133 Cb.
545 4089 603 4136 cot.
894 4084 977 4147 phicca
986 4100 1080 4138 mense
1090 4084 1158 4138 haud
1169 4081 1307 4133 absimilem
1321 4079 1420 4131 intelli·

368 4150 407 4199 ‘A
423 4157 588 4220 madoribus]
614 4157 708 4209 Aesis
722 4155 858 4223 piscatori·
894 4158 942 4221 git
