3386 5262
693 569 883 618 urrsroan.
1325 553 1347 616 3

248 713 388 796 praeliis,
403 712 485 778 victi
506 712 548 776 ab
570 731 610 776 eo
635 731 727 795 saepe
742 712 876 789 Batavi,
901 714 1025 796 Belgae,
1050 713 1211 797 Hispani,
1227 713 1345 789 Siculi,

249 814 424 896 Germani;
447 834 513 897 qua
528 815 726 878 auctoritate
741 812 879 878 foederis
895 815 1031 879 ineundi
1046 815 1135 898 leges
1151 817 1270 898 cuique
1285 837 1346 898 pro

250 918 385 981 arbitrio
398 916 618 1000 praescriptae,
634 934 769 998 paxque
784 915 937 978 omnibus
951 917 1115 999 imperata
1130 917 1251 981 nomini
1265 918 1346 982 Gal-

248 1019 315 1083 lico
329 1020 382 1083 vel
396 1019 470 1101 ipsa
487 1019 631 1082 victoria
656 1017 699 1079 ad
725 1017 864 1098 gloriam
887 1017 1059 1083 illustrior.
1103 1018 1180 1082 Nec
1204 1020 1344 1096 interim,

248 1122 506 1186 Sannnrssrns
532 1122 749 1196 Dnnrnrun,
786 1138 845 1183 sua
869 1121 944 1184 laus
967 1120 1071 1185 deerit
1092 1121 1136 1184 iis
1157 1121 1345 1199 virtutibus,

249 1226 380 1306 quasin
404 1229 436 1287 te
461 1224 516 1287 vel
539 1229 670 1298 natura,
693 1221 749 1284 vel
773 1221 922 1284 studium
942 1220 1089 1286 effinxit:
1112 1241 1178 1286 non
1200 1225 1346 1290 silebitur

232 1307 344 1402 'enirn
365 1325 506 1412 (patere,
521 1325 726 1399 Pnrucnrs
749 1329 866 1386 nostra
881 1323 922 1386 de
938 1327 970 1385 te
985 1324 1108 1404 gandia
1122 1325 1283 1409 tantisper
1296 1347 1346 1391 re-

217 1507 218 1510 *
248 1425 407 1512 cordati)
427 1447 493 1491 non
507 1426 670 1504 silebitur,
694 1425 842 1509 inquam,
856 1426 919 1489 flos
934 1425 991 1488 ille
1005 1427 1204 1508 integritatis
1217 1435 1250 1493 et
1259 1431 1347 1493 nitor

247 1529 348 1593 nullis
376 1529 528 1594 vitiorum
557 1527 698 1592 maculis
736 1526 878 1604 oblitus3
913 1527 1081 1590 excellens
1115 1528 1158 1590 ad
1189 1532 1346 1594 scientias

249 1631 475 1716 capessendas
500 1631 693 1712 ingenium3
715 1634 794 1693 nata
817 1629 860 1692 ad
876 1630 1025 1692 maxima
1048 1648 1192 1712 quaeque
1206 1631 1345 1696 indoles.

247 1731 285 1794 Si
300 1750 380 1795 vero
395 1730 510 1796 laudes
526 1739 602 1795 tues
624 1751 701 1795 cum
717 1731 869 1803 Parentis
890 1731 1047 1795 laudibus
1062 1731 1212 1795 intexere
1228 1732 1345 1810 libeat,

247 1831 536 1914 praedicabiturin
549 1840 691 1916 utroque
716 1833 784 1896 oris
808 1831 911 1896 decus
927 1836 959 1895 et
973 1831 1148 1914 majestas,
1171 1833 1346 1916 formaque

248 1935 401 2016 corporis
423 1935 564 2018 imperio
581 1934 698 2016 digna3
722 1935 882 1998 adversus
897 1952 1014 1997 omnes
1029 1953 1160 2014 summa
1174 1934 1296 2000 lenitas
1312 1941 1346 1999 et

245 2034 425 2101 affabilitas
453 2038 634 2114 sermonis:
672 2037 867 2101 Christianae
893 2035 1031 2119 pietatis
1061 2035 1202 2116 diligens
1231 2057 1343 2114 amor3

248 2137 442 2218 sinceraque
456 2144 491 2201 et
504 2138 574 2200 suci
589 2157 710 2218 expers
724 2138 861 2216 religio:
884 2155 928 2200 ex
943 2156 1084 2218 quarum
1095 2137 1254 2199 virtutum
1268 2156 1347 2200 con-

250 2253 349 2310 sensu
375 2238 495 2299 existit
515 2237 633 2299 nescio
660 2236 739 2316 quid
762 2237 938 2316 singulare,
962 2235 1051 2316 quod
1074 2253 1138 2298 vos
1169 2236 1348 2306 secernite

249 2334 361 2414 vulgo,
375 2341 408 2396 et
422 2334 466 2396 ad
480 2335 653 2395 hominum
668 2334 812 2414 imperia
825 2338 921 2396 natos
937 2353 1011 2396 esse
1028 2333 1240 2398 demonstrat.
1285 2337 1348 2400 Est

249 2434 340 2496 enim
354 2433 438 2495 inter
452 2437 625 2514 utrumque
639 2437 799 2512 vestrum,
820 2437 855 2494 ut
868 2441 1008 2509 naturae,
1024 2434 1072 2498 ita
1083 2436 1241 2499 virtutum
1256 2457 1347 2520 quae-

248 2534 327 2598 dam
342 2533 511 2617 cognatio:
536 2551 593 2596 eas
615 2532 720 2596 habet
740 2531 963 2596 Luoorrcus
979 2533 1157 2612 Maenas,
1180 2556 1256 2618 quae
1278 2524 1346 2602 Re·

248 2655 339 2717 gcm;
363 2644 412 2713 tu,
429 2654 507 2718 quae
523 2634 606 2698 tanti
616 2633 721 2714 Regis
732 2632 857 2696 Filium
871 2632 1010 2713 decent:
1024 2635 1179 2699 heroicas
1194 2644 1345 2720 uterque,

249 2745 305 2804 aut
318 2757 422 2821 prope
436 2757 545 2820 pares,
561 2743 620 2802 aut
630 2727 767 2801 easdem
781 2736 916 2818 potius:
939 2736 1000 2800 sed
1011 2737 1113 2802 habet
1128 2738 1222 2802 aliter
1237 2741 1345 2818 alius:

246 2839 303 2903 ille
324 2839 396 2922 jam
419 2839 603 2923 perfectas:
626 2842 662 2900 tu
679 2856 760 2902 vero
779 2837 975 2903 inchoatas:
997 2845 1032 2902 at
1056 2839 1135 2902 dum
1150 2845 1209 2902 tua
1224 2845 1347 2906 crescet

249 2947 344 3017 aetas
366 2945 515 3005 crescent
538 2940 662 3022 pariter
685 2945 718 3002 et
739 2940 817 3017 illae,
846 2945 879 3004 et
902 2940 945 3003 ad
967 2939 1093 3020 regium
1118 2959 1216 3004 omne
1242 2942 1346 3006 decus

248 3043 370 3106 sensim
381 3042 571 3106 adolescent
583 3062 591 3106 :
603 3047 746 3124 ‚tumque
769 3041 888 3103 similis
903 3041 1045 3124 parenti,
1063 3041 1206 3124 aliisque
1221 3043 1346 3124 princi-

248 3143 351 3226 pibus
364 3142 472 3224 major
487 3143 622 3214 enitere,
645 3159 753 3203 rerum
775 3144 943 3218 gestarum
958 3138 1141 3218 splendore,
1164 3147 1200 3202 et
1221 3143 1347 3204 avitam

248 3244 390 3326 gloriam
414 3257 579 3319 superare,
604 3243 636 3299 et
658 3242 828 3316 paternam
851 3237 1003 3315 assequi:
1026 3243 1063 3297 ut
1077 3236 1190 3298 Gallia
1213 3239 1346 3301 duobus

248 3343 382 3425 regibus
397 3344 537 3423 parente
553 3343 588 3400 et
603 3337 673 3401 filio
690 3336 899 3399 Lunovrcrs
917 3341 952 3398 et
978 3333 1171 3416 cognomine
1186 3341 1219 3402 et
1234 3337 1347 3420 reipsa

251 3443 407 3511 Macurs
424 3439 602 3524 aliquando
617 3439 779 3522 glorietur.
