3386 5262
461 515 468 520 ’
533 545 618 592 rrrn
644 545 800 594 vinnan
828 547 986 594 unxrur.

508 786 654 852 GERH.
676 787 782 853 JOH.
805 787 1004 856 VOSSIUS
1037 837 1039 842 -

443 933 483 985 ru
502 935 611 986 urano
629 937 680 986 nu
696 937 903 988 nrsronrcrs
920 939 1074 988 Lnuurs.

256 1079 427 1146 Valerium
443 1081 645 1172 Maximum,
668 1085 728 1166 qni
750 1083 914 1148 dictorum
935 1084 1163 1167 factorumque
1182 1105 1307 1150 memo-

193 1183 365 1248 ‘rabilium
388 1184 491 1248 libros
506 1203 560 1250 rx.
576 1186 722 1268 reliquit,
744 1195 821 1270 post
834 1186 1002 1250 Velleium
1028 1187 1216 1268 scripsisse,
1231 1188 1308 1250 inde

213 1287 460 1366 cognoscimus
490 1287 578 1369 quod
603 1286 757 1360 Velleius
781 1294 960 1370 tantopere
989 1287 1143 1351 aduletur
1173 1288 1307 1371 Sejano.

213 1384 356 1468 Scripsit
378 1388 480 1469 igitur
506 1390 536 1452 is
564 1389 742 1470 superstite
765 1389 875 1452 adhuc
905 1389 1042 1472 Sejano.
1087 1387 1136 1452 At
1147 1389 1308 1454 Valerius

213 1485 493 1572 lib.1x.cap.2.
524 1491 693 1574 Sejannm,
724 1492 785 1570 sed
818 1491 990 1573 exquisito
1016 1491 1124 1572 magis
1150 1490 1309 1554 adulandi
1397 1535 1402 1548 .

213 1606 327 1668 genere
356 1609 476 1673 nomen
512 1592 732 1674 supprimens,
763 1593 807 1656 ob
833 1593 1007 1675 perfidiam
1034 1600 1070 1656 et
1097 1593 1309 1657 ambitionem

100 1724 102 1728 ·
213 1689 413 1754 horribiliter
436 1695 598 1774 exagitat,
630 1713 669 1758 ac
695 1695 825 1758 tandem
855 1693 959 1771 addit,
990 1714 1069 1759 aum
1090 1695 1208 1759 ‘omni
1234 1713 1309 1757 curn

214 1791 319 1873 stirpe
342 1811 406 1855 sna
429 1794 547 1875 populi
563 1794 708 1859 Romani
730 1795 873 1879 pedibus
898 1795 1068 1873 obtritum,
1091 1796 1192 1860 etiam
1217 1795 1310 1877 apud

215 1891 355 1970 Inferos,
370 1895 399 1957 si
416 1899 525 1960 tamen
541 1898 620 1962 illuc
636 1905 789 1981 receptus
804 1903 867 1978 est,
883 1918 960 1982 quaa
975 1906 1126 1980 meretur,
1140 1897 1311 1981 supplicia

213 1995 378 2076 pendere?
421 1997 565 2082 Scripsit
590 2000 691 2082 igitur
713 2007 794 2083 post
820 2000 933 2084 Sejani
953 2002 1096 2065 caedem:
1119 2020 1239 2082 nempe
1251 2019 1311 2062 ex-

214 2097 326 2160 tremis
346 2097 475 2162 Tiberii
502 2101 715 2182 temporibus.
761 2101 878 2182 Stylus
908 2109 1021 2164 tamen
1045 2102 1105 2164 vix
1129 2101 1219 2181 sapit
1242 2106 1311 2161 tam

213 2196 336 2258 bonum
350 2215 470 2260 aevum.
514 2198 564 2260 Ut
578 2219 655 2261 cum
670 2199 705 2259 in
719 2201 884 2279 prooemio
901 2202 966 2280 ait:
989 2200 1092 2262 ‘Mea
1107 2200 1255 2280 parvitas
1270 2217 1310 2260 eo

212 2296 342 2378 justius
365 2295 408 2357 ad
434 2296 580 2358 favorem
602 2303 696 2358 tuum
725 2299 921 2362 decurrerit?
963 2298 1156 2362 Sententiae
1178 2319 1311 2382 quoquc

215 2397 353 2461 nimium
370 2396 512 2461 affectat.
558 2397 738 2479 Propterea
751 2398 943 2461 existimare
955 2398 1076 2481 aliquis
1091 2400 1211 2482 possit,
1226 2401 1312 2464 hunc

216 2518 290 2562 esse
305 2499 421 2582 potius
435 2499 532 2561 illum
548 2498 596 2562 M.
607 2499 780 2563 Valerium
797 2498 998 2578 Maximum,
1014 2503 1072 2583 qni
1088 2520 1173 2564 anno
1189 2501 1313 2565 Christi

219 2617 337 2666 eccm.
354 2620 429 2664 cum
445 2600 637 2666 Volusiano
654 2602 740 2684 Imp.
761 2602 881 2666 consul
896 2595 1015 2683 Romae
1037 2602 1111 2681 fuit,
1130 2603 1312 2686 iterumque

219 2703 428 2766 consulatum
438 2703 541 2784 gessit
552 2723 638 2788 anno
651 2720 787 2766 convu.
802 2709 840 2767 ut
850 2723 894 2766 ex
910 2701 1085 2785 Onuphrio
1099 2711 1133 2768 et
1148 2704 1224 2766 aliis
1236 2723 1313 2766 con-

219 2810 297 2869 stat.
344 2805 397 2869 lta
412 2805 502 2886 quod
512 2804 669 2870 Valerius
682 2807 717 2868 in
729 2805 933 2870 Praelatione
948 2806 1006 2882 ait,
1020 2806 1225 2870 divinitatem
1240 2803 1313 2886 ejus

219 2905 450 2988 Imperatoria
473 2906 528 2968 cui
544 2925 632 2988 opus
647 2927 742 2970 suurn
758 2906 861 2983 dicat,
884 2911 1023 2992 paterno
1039 2907 1195 2990 avitoque
1212 2906 1315 2972 sideri

218 3027 330 3089 parem
345 3007 461 3086 videri,
488 3007 523 3069 id
539 3007 657 3071 nonde
676 3008 783 3085 Julio,
806 3007 971 3089 Augusto,
986 3008 1188 3092 Tiberioque
1203 3009 1314 3092 accipi

220 3108 374 3187 debebit3
397 3109 457 3172 sed
481 3108 522 3171 de
546 3109 808 3190 imperatoribus
832 3111 937 3173 tribus
951 3109 1152 3190 Gordianis3
1175 3131 1315 3192 quorum

221 3210 306 3272 duos
328 3213 364 3272 in
378 3207 496 3271 Africa
521 3214 651 3270 creatos
666 3209 891 3288 Imperatores
917 3210 1148 3272 Maximianus
1173 3210 1315 3287 occidit,

221 3310 336 3375 tertius
351 3329 429 3373 vero
444 3309 563 3391 prioris
578 3326 692 3391 nepoS,
709 3308 847 3371 alterius
860 3306 952 3369 filins
967 3306 1050 3384 fuit3
1072 3309 1130 3388 qui
1152 3310 1316 3388 imperare

220 3413 327 3494 coepit
350 3429 438 3474 anno
462 3425 708 3474 cccxxxvur.
753 3408 832 3487 Quo
849 3408 890 3472 de
907 3407 1092 3485 Gordiano,
1114 3409 1161 3472 ita
1177 3408 1317 3490 Capito-

221 3515 310 3577 linus
325 3515 359 3577 in
374 3513 530 3576 Maximo
553 3522 586 3576 et
605 3513 779 3596 Pupieno:
803 3511 945 3594 ‘Neque
970 3531 1116 3593 unquam
1142 3513 1316 3593 quisquam

223 3618 259 3680 in
273 3616 335 3680 illa
354 3620 452 3680 oetate
476 3617 526 3679 sic
551 3621 683 3678 amatus
709 3621 768 3693 est,
791 3616 908 3678 merito
935 3614 1001 3690 avi,
1024 3622 1058 3676 et
1080 3613 1237 3676 avunculi
1258 3631 1317 3674 seu

221 3718 342 3800 patris,
364 3726 404 3780 ut
429 3718 565 3799 quidam
591 3718 716 3794 dicunt,
740 3718 797 3799 qui
813 3738 874 3800 pro
889 3718 1016 3799 populo
1032 3716 1189 3778 Romano
1204 3719 1317 3778 contra

224 3821 414 3884 Maximum
430 3820 464 3882 in
480 3818 597 3883 Africa
610 3822 712 3883 vitam
728 3817 899 3882 finierant!
943 3817 1012 3881 Sed
1030 3836 1112 3881 cave
1127 3816 1201 3879 haec
1226 3816 1317 3878 deci-

223 3923 329 4005 piant.
372 3920 467 3985 Nihil
481 3921 567 3982 enim
581 3922 703 3997 verine,
716 3939 814 4002 quam
829 3920 916 3983 hunc
934 3919 1199 3984 Memorabilium
1215 3917 1319 3997 scrip·

224 4032 329 4088 torem
344 4024 447 4086 multo
461 4041 537 4085 esse
554 4022 792 4103 antiquiorem3
815 4021 951 4103 qnando
971 4027 1008 4083 et
1023 4019 1166 4093 Gellius,
1181 4018 1238 4100 qni
1254 4019 1316 4082 sub

225 4127 402 4198 Hadriano
412 4125 509 4201 vixit,
530 4123 604 4206 ejus
616 4123 883 4187 Memorabilium
903 4122 1007 4184 libros
1021 4120 1235 4185 advocatlib.
1247 4135 1319 4181 xrr.

227 4250 303 4313 cap.
318 4230 352 4292 7.
396 4225 504 4289 Immo
525 4231 648 4288 certum
675 4231 735 4301 est,
763 4224 825 4287 sub
848 4224 983 4286 Tiberio
999 4223 1146 4286 vixisse:
1170 4220 1319 4303 quando-

229 4331 364 4412 quidem
386 4329 461 4412 ipse
485 4329 541 4392 lib.
558 4345 597 4392 11.
613 4347 686 4410 cap.
700 4327 732 4390 8.
756 4347 792 4390 se
810 4324 927 4388 Asiam
950 4343 1025 4396 cum
1047 4323 1129 4388 Sex.
1154 4322 1318 4405 Pompeio
