3210 5158
363 390 429 456 42⁰
662 399 814 454 vesunu
838 397 981 455 usxrsu
1006 404 1076 454 nra.
1096 399 1147 452 ru.

363 565 445 614 ones
469 549 560 631 apud
589 565 649 612 eos
675 554 861 613 moventem
889 553 1093 611 accusarent.
1138 545 1274 630 Adjeeit
1300 561 1441 632 quoque,

363 656 452 713 ‘non
465 655 617 730 oportere
632 648 748 712 Patres
761 644 968 727 conscriptos
980 665 1016 708 se
1028 649 1219 730 reipublicae
1230 656 1255 694 ²³
1272 648 1443 730 Carthagi-

361 749 523 813 niensium
550 750 759 833 interponere
769 745 788 809 :⁹
809 746 1039 831 altissimaque
1061 748 1288 813 moderatione
1308 750 1445 813 alterius

360 849 460 914 saluti
474 851 652 924 consuluit,
678 846 811 910 alterius
826 845 999 927 dignitati:
1022 848 1163 913 victoria
1187 854 1294 926 tenus,
1322 851 1443 929 utrius-

359 970 424 1034 que
437 952 565 1016 hostem
578 951 681 1028 egisse
697 947 897 1010 contentus!
902 946 917 975 ³
1076 949 1079 954 ’

399 1053 431 1113 7.
452 1049 500 1113 At
513 1049 562 1110 M.
578 1043 775 1124 Marcellus,
796 1048 854 1130 qui
867 1050 992 1130 primus
1006 1055 1039 1113 et
1054 1049 1276 1112 Hannibalem
1290 1050 1389 1127 vinei,
1410 1057 1444 1115 et

357 1151 540 1232 Syracusas
554 1146 633 1227 oapi
649 1164 751 1227 posse
767 1147 891 1224 docuit,
906 1168 981 1212 cum
995 1150 1032 1212 in
1045 1151 1219 1214 consulatu
1240 1150 1313 1232 ejus
1333 1150 1443 1216 siculi

355 1250 395 1314 de
417 1267 460 1311 eo
483 1255 638 1328 questum
658 1249 693 1310 in
717 1251 830 1311 urbem
855 1251 1034 1327 venissent,
1061 1271 1121 1314 nee
1146 1258 1298 1314 senatum
1312 1252 1383 1315 ulla
1398 1252 1442 1316 de

353 1345 406 1412 rei
434 1347 560 1424 habuit,
595 1348 675 1431 quia
706 1347 836 1428 collega
857 1347 1014 1411 Valerius
1036 1347 1191 1413 Laevinus
1211 1349 1296 1414 forte
1309 1357 1338 1397 ²4
1360 1352 1442 1415 abe-

352 1457 424 1530 rat;
446 1466 489 1511 ue
513 1449 557 1512 'ob
580 1448 617 1512 id
645 1449 751 1513 Siculi
781 1448 817 1511 in
847 1448 1016 1530 querendo
1044 1448 1229 1513 timidiores
1258 1457 1385 1531 essent3
1406 1458 1441 1517 et

352 1557 391 1614 ut
416 1550 448 1614 is
476 1549 616 1627 rediit,²⁵
652 1549 738 1612 ultro
763 1549 805 1612 de
835 1550 888 1612 his
918 1547 1131 1613 admittendis
1156 1551 1281 1627 retulit,
1306 1569 1438 1634 queren-

353 1657 466 1734 tesque
482 1651 524 1714 de
539 1669 577 1714 sc
591 1651 751 1732 patienter
766 1651 932 1715 sustinuit.
975 1650 998 1714 J
1001 1669 1098 1715 ussos
1115 1652 1213 1714 etiam
1228 1669 1249 1714 a
1263 1650 1399 1716 Laevino
1410 1650 1436 1690 ²⁶

353 1751 533 1827 discedere,
548 1769 727 1828 remanere,
751 1757 789 1814 ut
810 1770 883 1815 suae
900 1752 1083 1816 defensioni
1096 1751 1301 1828 interessent,
1316 1750 1436 1832 coiigit.

352 1849 406 1915 Ac
421 1850 537 1915 deinde
550 1855 688 1932 duaque
701 1855 795 1932 parte
810 1857 990 1932 perorata}
1011 1853 1111 1915 etiam
1123 1859 1149 1899 ²⁷
1172 1849 1364 1914 excedentes
1376 1871 1433 1914 cu-

352 1953 413 2028 ria,
428 1950 624 2013 subsecutus
640 1956 716 2028 est:
733 1968 801 2032 quo
815 1950 954 2014 liberius
970 1957 1103 2014 senatus
1117 1952 1315 2014 sententiam
1328 1951 1434 2015 ferret.

351 2049 554 2134 Improbatis
570 2050 738 2133 quoque²⁸
761 2071 874 2115 eorum
895 2053 1054 2134 querelis,
1069 2052 1238 2134 supplices
1255 2058 1290 2114 et
1302 2056 1434 2116 orantes

352 2156 412 2215 ‘ut
426 2149 470 2215 ab
485 2167 525 2212 eo
550 2149 584 2210 in
606 2148 806 2216 clientelamj
829 2147 1070 2234 reciperentur,'
1090 2151 1266 2214 clementer
1291 2150 1433 2234 excepit.

379 2338 396 2382 s
409 2338 476 2389 Satis
485 2339 567 2389 holm
577 2355 602 2390 se
610 2341 749 2404 prestitis:
758 2342 857 2403 Moeso,
873 2347 897 2391 et
909 2338 1148 2401 Carthaginiensium,
1165 2345 1189 2388 et
1200 2341 1353 2404 Hannibalis,
1363 2355 1435 2404 aeque

352 2404 383 2451 orl
393 2402 517 2452 maiouim
526 2407 556 2453 ds
565 2406 606 2453 illo
616 2407 723 2454 relatam.

381 2471 395 2508 t
405 2465 442 2516 A:
451 2468 534 2520 dende
541 2473 662 2530 postquem
671 2472 695 2514 et
705 2466 779 2516 §iculi
788 2470 812 2514 et
822 2465 871 2528 ipse
880 2466 1008 2516 Marcellus
1017 2479 1110 2515 erasum
1117 2464 1240 2514 dicisuut.

793 2575 972 2596 mm

348 2645 408 2693 Vet.
420 2650 447 2692 et
457 2642 529 2703 Mog.
538 2640 741 2690 molientem-2³
760 2642 818 2690 Duo
829 2641 936 2690 'l'orrem
946 2654 971 2689 se
979 2642 1006 2690 is
1016 2641 1079 2704 Περ.
1090 2641 1183 2702 Copes.
1193 2638 1264 2689 delet
1273 2655 1307 2690 se.
1328 2640 1436 2693 Deinde

350 2707 378 2754 in
389 2705 488 2766 eodem,
504 2703 620 2754 αὶὲἰεείωα
630 2706 858 2754 moderatum—24
874 2703 982 2768 Aliquot
1000 2705 1077 2754 codd.
1096 2704 1202 2752 Torren.
1220 2703 1341 2752 lacinias
1349 2705 1438 2764 sorte:

350 2769 401 2816 duo
413 2769 502 2816 Rhem.
512 2774 540 2816 et
548 2767 622 2817 Leid.
633 2772 659 2818 7.
670 2774 746 2818 sous:
763 2769 853 2818 Rhem.
865 2773 888 2817 1.
899 2771 923 2816 2.
936 2773 960 2817 ³.
971 2775 999 2817 et
1011 2767 1083 2817 Leid.
1093 2772 1117 2817 5.
1135 2767 1222 2816 delent
1237 2767 1265 2814 cb
1274 2768 1373 2834 top—26
1390 2768 1436 2819 Ita

349 2831 457 2880 Torren.
467 2833 620 2881 auctoritate
630 2832 707 2895 louge
718 2833 825 2894 potioris
836 2832 917 2895 partis
929 2833 1004 2880 codd.
1015 2830 1165 2896 quibuscum
1175 2829 1307 2880 faoitVet.
1326 2831 1434 2895 Pighius

350 2892 476 2944 dederat:
492 2901 518 2944 ot
528 2897 587 2944 atis
601 2896 682 2944 rediit.
715 2896 781 2944 Sunt
799 2896 842 2958 qui
860 2909 918 2943 cum
936 2891 1008 2958 Meg.
1027 2895 1121 2944 omissa
1141 2895 1265 2958 particula
1284 2893 1390 2955 habent,
1406 2903 1435 2945 ut

349 2958 430 3008 rediit.
461 2960 524 3008 Mox
535 2959 630 3022 Ultraj.
643 2963 668 3008 2.
685 2959 713 3008 de
723 2959 892 3021 κιαρίεπίσς
908 2959 980 3008 heic.
990 2963 1015 3008 i.
1034 2961 1063 3008 de
1078 2973 1147 3022 seque
1164 2957 1297 3021 patienter:
1313 2959 1395 3007 Bitur.
1408 2964 1434 3010 1.

349 3036 418 3084 quem
435 3023 560 3086 patienter,
575 3023 644 3088 quod
663 3037 714 3070 non
732 3022 862 3084 improbat
875 3022 1088 3071 'iuuentus-26
1105 3022 1210 3086 Aliquot
1229 3021 1303 3070 codd.
1325 3023 1433 3074 Torren.

349 3085 471 3144 mmsis:
496 3087 588 3149 Copes.
606 3083 679 3135 Lucio
696 3085 801 3134 uaso.
839 3085 903 3133 Mox
925 3084 952 3133 in
969 3086 1059 3134 eodem
1076 3093 1099 3135 et
1118 3099 1181 3144 suoe3
1197 3085 1266 3134 unde
1284 3085 1433 3135 Perizonius

349 3149 451 3260 {todia
460 3165 509 3262 Cu?
519 3153 543 3200 d.
554 3150 824 3263 iiiiin'ulcoigtuil-im
840 3149 1165 3262 tfleepxtceewoddh'lfirren.
1174 3163 1239 3262 cigni
1256 3147 1432 3262 &pitseum

515 3228 551 3263 es.
611 3227 722 3262 ra..e
771 3227 839 3260 e.e
978 3227 1009 3262 es.
1062 3228 1173 3263 o.rase
1214 3227 1334 3262 uss.-
1397 3228 1431 3261 ur·

276 3324 281 3337 .
347 3228 570 3338 psalmisqueprrnus
587 3228 676 3327 ereJm
692 3291 779 3340 quoque
796 3275 871 3325 deest
888 3275 915 3323 in
934 3276 1027 3340 Ultraj.
1045 3281 1070 3327 2.
1088 3282 1117 3326 et
1132 3275 1206 3326 Leid.
1223 3281 1248 3326 e.
1266 3290 1331 3326 unua
1350 3275 1432 3326 Bitur.

836 3385 861 3434 N
864 3383 942 3435 0⁴1¹AE

349 3482 501 3532 Barchiuam
513 3481 651 3534 factionem
664 3484 763 3546 odium,
772 3489 826 3534 tum
838 3481 870 3532 ob
911 3483 1026 3533 tentiam.
1058 3484 1101 3533 De
1117 3482 1237 3534 Marcelli
1254 3481 1368 3532 victoriis
1377 3481 1432 3544 jam

348 3556 506 3608 immutatam
524 3558 634 3620 Reipub.
654 3561 774 3622 gerendae
793 3558 870 3608 ratio·
911 3559 1016 3621 saepius.
1266 3605 1269 3610 .

348 3641 421 3695 uem,
447 3633 615 3696 Magistratus
637 3635 713 3694 enim,
734 3633 775 3698 qoi
800 3634 869 3695 prius
941 3631 1016 3681 *Au
1028 3631 1146 3681 Maseli.
1163 3631 1207 3680 Ol.
1220 3634 1275 3682 146.
1285 3635 1311 3681 2.
1328 3630 1427 3681 urae

349 3710 468 3771 perpetui
479 3716 562 3773 erant,
574 3721 670 3758 annuos
688 3708 743 3771 ipse
754 3706 868 3756 fecerat:
909 3712 966 3756 558.
980 3706 1042 3756 Aut.
1053 3707 1099 3756 Ch.
1110 3710 1167 3756 194.

347 3798 427 3847 quare
449 3785 607 3836 insimulatus
628 3785 727 3846 Romae,
754 3781 823 3846 quod
842 3787 870 3830 et
939 3778 1135 3843 lluslieateloas]
1147 3781 1155 3809 ⁶
1167 3778 1245 3844 Apud
1255 3781 1359 3843 majores
1370 3790 1428 3826 nos·

347 3851 403 3922 ipse
415 3861 447 3910 ad
458 3861 623 3924 Antiochum,
639 3865 667 3910 et
684 3857 827 3908 Antiochus
838 3855 870 3905 ad
910 3853 982 3916 tros,'
999 3855 1082 3918 iuquit
1097 3856 1189 3905 Cicero
1206 3855 1239 3904 de
1256 3852 1328 3904 orna
1349 3849 1394 3900 lib.
1405 3865 1428 3901 r.

348 3934 432 3996 ipsum
440 3938 538 4000 legatos
545 3938 663 3990 misisset.
910 3929 1062 3998 ‘tantopere
1076 3929 1179 3994 justitia
1197 3931 1267 3979 culta
1282 3933 1328 3989 est,
1345 3933 1375 3976 ut
1391 3927 1432 3992 hi,

379 4007 447 4058 ¹Neo
465 4010 577 4061 Smotuur
593 4011 642 4069 ullo
656 4013 686 4059 ds
702 4023 738 4066 re,
754 4006 807 4070 isa]
835 4005 867 4054 ld
911 4005 953 4068 qui
973 4005 1093 4056 civitates
1115 4010 1160 4055 aut
1177 4006 1290 4054 nationes
1311 4001 1434 4054 devictas

349 4080 426 4136 paulo
445 4085 522 4134 aliter
542 4091 631 4137 narrat
647 4083 818 4133 Plutarchus:
840 4087 869 4130 at
907 4077 974 4127 bello
984 4080 1010 4128 iu
1021 4078 1098 4128 iidem
1109 4082 1274 4144 recepissent,
1283 4091 1372 4130 eorum
1388 4093 1435 4144 pa-

350 4161 408 4196 curn
420 4153 454 4200 sit
464 4169 504 4204 res
515 4159 617 4208 levioris
625 4159 758 4220 momenti,
769 4171 818 4205 uon
829 4161 869 4204 eat
908 4153 976 4204 troni
987 4160 1073 4203 esseut
1080 4169 1150 4204 more
1161 4152 1302 4220 majorum?
1382 4187 1384 4194 .
1409 4191 1413 4198 .

349 4228 559 4286 operaepretium
578 4230 645 4278 illius
667 4229 794 4280 occubere
811 4241 869 4276 sen-
