3214 5170
510 468 591 515 css.
608 466 647 514 x.
671 468 720 515 ns
744 467 973 516 narssrnrs.
1224 459 1287 528 327

192 609 377 676 Seleucusb
390 611 425 675 in
439 611 611 693 pristinam
627 609 743 674 sedem
757 610 977 692 reportandas
992 613 1131 676 curavit.
1162 613 1287 681 Rhodii

193 732 327 795 quoque
341 731 400 777 eas
415 711 487 775 urbi
502 729 573 774 suae
588 711 766 792 appulseS,
791 729 868 773 cum
893 711 929 774 in
954 710 1136 794 hospitium
1151 717 1287 798 publice

191 813 400 888 invitassent,
416 810 522 874 sacris
537 809 638 874 etiam
652 809 885 893 pulvinaribus
901 812 1158 879 collocaverunt.
1193 815 1288 882 Nihil

190 913 255 978 hac
269 911 430 978 memoria
441 910 586 987 felicius,
601 929 677 992 quae
691 915 819 976 tentum
835 912 1063 979 venerationis
1078 917 1112 980 in
1126 923 1197 982 tam
1211 935 1287 1000 par·

190 1015 269 1079 vnlo
283 1033 349 1076 aere
363 1010 539 1095 possidet}
547 1019 573 1060 ³⁷

226 1115 262 1178 2
285 1112 458 1190 Quantum
469 1119 570 1197 porro
584 1112 720 1176 honoris
734 1110 877 1179 Athenis
893 1113 1106 1182 Xenocrati⁶
1121 1118 1287 1201 sapientia

188 1215 313 1299 pariter
327 1233 368 1279 ac
382 1215 561 1278 sanctitate
575 1214 666 1279 claro
680 1213 838 1278 tributum
853 1217 926 1280 esti
971 1217 1040 1295 Qni
1052 1218 1077 1265 ³⁸
1101 1239 1176 1284 cum
1192 1220 1286 1286 testi·

189 1317 336 1381 monium
349 1314 462 1380 dicere
477 1320 619 1380 coactus
635 1315 680 1379 ad
696 1333 787 1378 aram
809 1319 1021 1398 accessisset,
1043 1327 1082 1384 ut
1103 1340 1196 1386 more
1211 1321 1286 1405 ejus

191 1418 339 1483 civitatis
351 1413 402 1467 ³⁹⁶
419 1417 558 1500 juraret,
573 1416 688 1480 omnia
702 1436 739 1482 se
755 1435 832 1480 vere
847 1417 1014 1496 retulisse,
1025 1420 1175 1485 universi
1192 1421 1286 1505 judi-

188 1539 244 1584 ces
273 1522 564 1595 consurrexerunt,
592 1516 919 1601 proclamaruntque,
956 1523 1017 1583 ‘ne
1052 1518 1285 1604 jusjurandum

190 1619 314 1684 diceret
325 1618 345 1682 :'
361 1619 517 1702 quodque
533 1618 751 1702 sibimetipsis
764 1619 974 1703 postmodum
989 1620 1139 1686 dicendae
1156 1630 1285 1687 senten-

189 1721 249 1787 tiae
261 1721 339 1784 loco
354 1719 523 1784 remissuri
538 1738 607 1783 non
626 1725 730 1797 erent,
751 1720 931 1786 sinceritati
945 1721 1020 1805 ejus
1036 1721 1285 1790 concedendum

189 1821 446 1899 existimarnnts

225 2017 420 2076 ‘Niirilsciicr‘nc
428 2019 540 2069 memorio
549 2019 645 2068 iliorum
661 2021 774 2082 virerum,
785 2035 853 2082 qrcrr
861 2021 950 2084 portet
969 2025 1037 2072 mic
1046 2024 1195 2073 mordicus
1206 2037 1285 2088 procc-

188 2082 312 2143 estimat,
322 2084 394 2131 etiem
403 2085 426 2132 si
436 2097 478 2131 occ
485 2085 609 2132 macedum
617 2083 703 2132 divites
708 2083 822 2142 fuessent.

217 2145 230 2188 t
246 2147 280 2195 Et
287 2151 401 2208 putarent
409 2148 576 2196 cenedensium
586 2147 725 2209 integritati
735 2148 801 2197 ictuc
811 2147 867 2210 oiri,
878 2152 907 2196 st
916 2147 1071 2213 conjuraret,
1081 2152 1141 2214 qnod
1150 2165 1197 2201 cett
1214 2158 1283 2202 erant

188 2209 233 2259 sn
243 2210 373 2261 messuri
383 2211 409 2261 ia
420 2211 517 2262 dmeadc
529 2211 655 2275 certatis,
666 2211 841 2274 qnicjsccbcat
851 2226 876 2262 cc
886 2213 1090 2275 emarescere.

647 2352 827 2374 mmo

187 2455 251 2500 -tr
268 2451 312 2500 Sic
322 2465 355 2500 ex
368 2449 485 2501 omnibus
496 2451 547 2499 ruis
559 2450 634 2501 codd.
647 2451 763 2502 restitnit
772 2452 928 2512 Terrenius3
945 2458 973 2502 ct
983 2452 1020 2502 sic
1029 2453 1091 2504 Vet.
1109 2453 1151 2505 aiii
1167 2455 1279 2518 possedit.

186 2519 251 2564 -88
269 2516 318 2572 Qui
332 2516 406 2568 abest
424 2515 511 2565 ovet.
533 2522 561 2564 et
579 2516 708 2565 nonnuliis
727 2516 836 2566 Torren.
855 2517 997 2566 codd-ss
1013 2516 1056 2566 Ita
1076 2518 1152 2582 longe
1170 2519 1282 2570 maxime

188 2579 264 2630 codd.
276 2595 336 2644 pars
347 2587 375 2629 et
385 2593 473 2630 omnes
483 2579 543 2628 edd.
554 2594 617 2630 mccc
626 2579 733 2630 ωὐίέιιέὶε
743 2580 819 2644 Pigh.
830 2581 916 2632 Celer.
928 2581 1003 2646 Thyn.
1019 2581 1117 2646 Delph.
1134 2585 1183 2634 &c
1216 2583 1281 2634 Mox

187 2657 235 2706 pro
245 2645 354 2694 retulisse
361 2645 424 2694 Vct.
435 2643 532 2694 dicim.

680 2753 790 2810 NOTAE

219 2866 362 2929 becaren]
394 2866 518 2930 Nicanor,
540 2867 584 2932 qui
603 2867 716 2918 Seleuci·
753 2869 814 2919 huic
824 2870 871 2920 soli
880 2869 994 2933 injurato
1004 2870 1164 2921 crederetur.

186 2945 277 2994 darum
289 2942 386 2992 inAsir
398 2941 515 2991 condidit
526 2943 676 3006 Imperium,
688 2949 716 2992 et
786 2942 879 2992 “More
905 2944 954 3002 cicc
979 2945 1096 3008 σίυὲὶαέίε]
1129 2944 1211 2996 Moris
1231 2943 1282 2996 turc

187 3019 363 3083 nonagenario
375 3018 456 3082 major
471 3017 588 3066 omnibns
603 3016 715 3066 Alexan·
755 3016 872 3076 Athenis,
890 3022 921 3066 ut
940 3023 1031 3080 testes,
1049 3019 1093 3067 ubi
1107 3017 1282 3074 testimonium

187 3095 227 3144 dri
256 3094 364 3144 ducibus
391 3097 521 3155 superstes
541 3091 715 3141 aPtolemoeo
755 3092 796 3141 vei
809 3106 893 3142 coram
902 3090 1039 3163 dixissent,
1048 3091 1090 3140 sel
1101 3090 1281 3144 dedissentta·

188 3171 306 3220 Cerauno
315 3175 421 3218 necatus
433 3173 481 3216 est.
756 3165 823 3214 bulis
839 3159 1001 3229 inscriptum,
1015 3165 1137 3230 jurarent
1154 3180 1201 3229 per
1216 3166 1280 3218 iibe-

219 3253 230 3279 θ
242 3244 384 3308 Xenocrati]
407 3242 572 3295 Chalcedone
583 3240 714 3305 oriundus,
755 3255 841 3290 rorum
853 3243 962 3290 satutem
973 3255 1001 3290 se
1012 3233 1074 3288 sera
1084 3239 1186 3302 dicere;
1203 3241 1224 3290 si
1237 3257 1279 3291 re-

187 3320 304 3372 Piatonie
325 3320 437 3383 auditor,
459 3319 503 3384 qni
528 3320 555 3368 in
574 3318 715 3370 Academia
754 3332 784 3368 ro
794 3317 828 3367 de
839 3331 868 3367 re
880 3315 985 3380 capitali
997 3321 1128 3379 ageretur,
1143 3315 1201 3376 sibi,
1215 3317 1280 3365 cuis·

188 3398 336 3464 Speusippo
358 3397 497 3448 successit:
525 3397 600 3461 cujus
628 3395 714 3454 verbis
754 3408 815 3458 que,
832 3392 928 3443 sisclse
943 3391 1071 3452 dicerent,
1088 3389 1280 3453 dircimprecc·

186 3479 263 3525 tante
272 3473 336 3524 fider
344 3474 497 3538 hebebatur,
504 3479 601 3524 utcum
609 3472 714 3536 injurati
754 3477 852 3520 rentur.
884 3467 949 3519 Quos
961 3463 1141 3547 cxlliemosth.
1159 3471 1187 3514 et
1206 3463 1279 3530 cicc·

187 3549 361 3602 testimonium
395 3549 489 3600 nuliius
521 3546 713 3613 admitteretur,
754 3548 974 3596 roneccrtasunt.
