<?xml version="1.0" encoding="UTF-8"?>
<!DOCTYPE html PUBLIC "-//W3C//DTD XHTML 1.0 Transitional//EN"
    "http://www.w3.org/TR/xhtml1/DTD/xhtml1-transitional.dtd">
<html xmlns="http://www.w3.org/1999/xhtml" xml:lang="en" lang="en">
 <head>
  <title>
</title>
<meta http-equiv="Content-Type" content="text/html;charset=utf-8" />
  <meta name='ocr-system' content='tesseract 3.04.00' />
  <meta name='ocr-capabilities' content='ocr_page ocr_carea ocr_par ocr_line ocrx_word'/>
</head>
<body>
  <div class='ocr_page' id='page_1' title='image "./valeriimaximifa00maxigoog_0211.png"; bbox 0 0 3224 5162; ppageno 0'>
   <div class='ocr_carea' id='block_1_1' title="bbox 518 399 1276 464">
    <p class='ocr_par' dir='ltr' id='par_1_1' title="bbox 518 399 1276 464">
     <span class='ocr_line' id='line_1_1' title="bbox 518 399 1276 464; baseline 0.008 -6"><span class='ocrx_word' id='word_1_1' title='bbox 518 409 599 459; x_wconf 80' lang='lat' dir='ltr'><strong>onr.</strong></span> <span class='ocrx_word' id='word_1_2' title='bbox 616 411 681 460; x_wconf 88' lang='lat' dir='ltr'><strong>vu.</strong></span> <span class='ocrx_word' id='word_1_3' title='bbox 706 413 753 460; x_wconf 87' lang='lat' dir='ltr'><strong>on</strong></span> <span class='ocrx_word' id='word_1_4' title='bbox 777 412 955 462; x_wconf 71' lang='lat' dir='ltr'><strong>sonans.»</strong></span> <span class='ocrx_word' id='word_1_5' title='bbox 1210 399 1276 464; x_wconf 89' lang='grc'><strong>199</strong></span> 
     </span>
    </p>
   </div>
   <div class='ocr_carea' id='block_1_2' title="bbox 185 553 1280 2351">
    <p class='ocr_par' dir='ltr' id='par_1_2' title="bbox 186 553 1277 1140">
     <span class='ocr_line' id='line_1_2' title="bbox 186 553 1275 640; baseline 0.005 -21"><span class='ocrx_word' id='word_1_6' title='bbox 186 555 268 640; x_wconf 87' lang='lat' dir='ltr'><strong>poni</strong></span> <span class='ocrx_word' id='word_1_7' title='bbox 286 554 436 639; x_wconf 88' lang='lat' dir='ltr'><strong>jubendo</strong></span> <span class='ocrx_word' id='word_1_8' title='bbox 451 561 482 618; x_wconf 76' lang='lat' dir='ltr'><strong>:v</strong></span> <span class='ocrx_word' id='word_1_9' title='bbox 504 555 587 637; x_wconf 88' lang='lat' dir='ltr'><strong>quia</strong></span> <span class='ocrx_word' id='word_1_10' title='bbox 610 553 762 618; x_wconf 79' lang='lat' dir='ltr'><strong>similiter</strong></span> <span class='ocrx_word' id='word_1_11' title='bbox 785 555 1134 640; x_wconf 85' lang='lat' dir='ltr'><strong>quietis&#39;temporibus</strong></span> <span class='ocrx_word' id='word_1_12' title='bbox 1158 558 1275 624; x_wconf 54' lang='lat' dir='ltr'><strong>existi*</strong></span> 
     </span>
     <span class='ocr_line' id='line_1_3' title="bbox 186 655 1276 743; baseline 0.006 -23"><span class='ocrx_word' id='word_1_13' title='bbox 186 663 346 734; x_wconf 82' lang='lat' dir='ltr'><strong>moverat,</strong></span> <span class='ocrx_word' id='word_1_14' title='bbox 370 655 505 738; x_wconf 79' lang='lat' dir='ltr'>genitali</span> <span class='ocrx_word' id='word_1_15' title='bbox 519 655 819 738; x_wconf 87' lang='lat' dir='ltr'><strong>parteMandanes</strong></span> <span class='ocrx_word' id='word_1_16' title='bbox 847 663 989 722; x_wconf 87' lang='lat' dir='ltr'><strong>enatam</strong></span> <span class='ocrx_word' id='word_1_17' title='bbox 1003 660 1103 722; x_wconf 84' lang='lat' dir='ltr'><strong>vitem</strong></span> <span class='ocrx_word' id='word_1_18' title='bbox 1131 677 1276 743; x_wconf 88' lang='lat' dir='ltr'><strong>eousque</strong></span> 
     </span>
     <span class='ocr_line' id='line_1_4' title="bbox 188 756 1276 842; baseline 0.003 -20"><span class='ocrx_word' id='word_1_19' title='bbox 188 757 344 835; x_wconf 79' lang='lat' dir='ltr'><strong>crevisse,</strong></span> <span class='ocrx_word' id='word_1_20' title='bbox 369 756 473 819; x_wconf 92' lang='lat' dir='ltr'><strong>donec</strong></span> <span class='ocrx_word' id='word_1_21' title='bbox 484 761 624 819; x_wconf 89' lang='lat' dir='ltr'><strong>cunctas</strong></span> <span class='ocrx_word' id='word_1_22' title='bbox 640 756 881 822; x_wconf 88' lang='lat' dir='ltr'><strong>dominationis</strong></span> <span class='ocrx_word' id='word_1_23' title='bbox 896 778 968 822; x_wconf 83' lang='lat' dir='ltr'><strong>suae</strong></span> <span class='ocrx_word' id='word_1_24' title='bbox 984 764 1094 842; x_wconf 89' lang='lat' dir='ltr'><strong>partes</strong></span> <span class='ocrx_word' id='word_1_25' title='bbox 1109 759 1276 826; x_wconf 90' lang='lat' dir='ltr'><strong>inumbra-</strong></span> 
     </span>
     <span class='ocr_line' id='line_1_5' title="bbox 187 856 1277 943; baseline 0.006 -22"><span class='ocrx_word' id='word_1_26' title='bbox 187 865 249 922; x_wconf 90' lang='lat' dir='ltr'><strong>ret.</strong></span> <span class='ocrx_word' id='word_1_27' title='bbox 292 857 360 921; x_wconf 90' lang='lat' dir='ltr'><strong>Sed</strong></span> <span class='ocrx_word' id='word_1_28' title='bbox 374 856 547 921; x_wconf 85' lang='lat' dir='ltr'><strong>frustratus</strong></span> <span class='ocrx_word' id='word_1_29' title='bbox 561 862 641 922; x_wconf 78' lang='lat' dir='ltr'><strong>est&#39;</strong></span> <span class='ocrx_word' id='word_1_30' title='bbox 662 878 699 921; x_wconf 90' lang='lat' dir='ltr'><strong>se</strong></span> <span class='ocrx_word' id='word_1_31' title='bbox 722 858 808 940; x_wconf 89' lang='lat' dir='ltr'><strong>ipse,</strong></span> <span class='ocrx_word' id='word_1_32' title='bbox 834 860 963 943; x_wconf 90' lang='lat' dir='ltr'><strong>nepotis</strong></span> <span class='ocrx_word' id='word_1_33' title='bbox 985 860 1193 938; x_wconf 81' lang='lat' dir='ltr'><strong>felicitatem,</strong></span> <span class='ocrx_word' id='word_1_34' title='bbox 1208 881 1277 928; x_wconf 87' lang='lat' dir='ltr'><strong>ooe-</strong></span> 
     </span>
     <span class='ocr_line' id='line_1_6' title="bbox 187 956 1276 1045; baseline 0.006 -24"><span class='ocrx_word' id='word_1_35' title='bbox 187 958 318 1022; x_wconf 88' lang='lat' dir='ltr'><strong>lestium</strong></span> <span class='ocrx_word' id='word_1_36' title='bbox 328 956 457 1040; x_wconf 87' lang='lat' dir='ltr'><strong>judicio</strong></span> <span class='ocrx_word' id='word_1_37' title='bbox 470 957 681 1034; x_wconf 86' lang='lat' dir='ltr'><strong>destinatam,</strong></span> <span class='ocrx_word' id='word_1_38' title='bbox 707 959 861 1024; x_wconf 86' lang='lat' dir='ltr'><strong>humanis</strong></span> <span class='ocrx_word' id='word_1_39' title='bbox 877 961 1027 1026; x_wconf 86' lang='lat' dir='ltr'><strong>consiliis</strong></span> <span class='ocrx_word' id='word_1_40' title='bbox 1039 962 1201 1045; x_wconf 89' lang='lat' dir='ltr'><strong>impedire</strong></span> <span class='ocrx_word' id='word_1_41' title='bbox 1218 983 1276 1028; x_wconf 89' lang='lat' dir='ltr'><strong>oo·</strong></span> 
     </span>
     <span class='ocr_line' id='line_1_7' title="bbox 186 1053 846 1140; baseline 0 -16"><span class='ocrx_word' id='word_1_42' title='bbox 186 1053 320 1124; x_wconf 63' lang='lat' dir='ltr'><strong>nando?</strong></span> <span class='ocrx_word' id='word_1_43' title='bbox 574 1061 577 1068; x_wconf 89' lang='lat'>&#39;</span> <span class='ocrx_word' id='word_1_44' title='bbox 789 1109 792 1122; x_wconf 84' lang='lat'>.</span> <span class='ocrx_word' id='word_1_45' title='bbox 843 1133 846 1140; x_wconf 49' lang='grc'><strong>,</strong></span> 
     </span>
    </p>

    <p class='ocr_par' dir='ltr' id='par_1_3' title="bbox 185 1159 1280 2351">
     <span class='ocr_line' id='line_1_8' title="bbox 227 1159 1276 1248; baseline 0.005 -24"><span class='ocrx_word' id='word_1_46' title='bbox 227 1159 259 1224; x_wconf 93' lang='grc'><strong>6.</strong></span> <span class='ocrx_word' id='word_1_47' title='bbox 281 1159 371 1223; x_wconf 87' lang='lat' dir='ltr'><strong>Intra</strong></span> <span class='ocrx_word' id='word_1_48' title='bbox 384 1160 555 1242; x_wconf 87' lang='lat' dir='ltr'><strong>privatum</strong></span> <span class='ocrx_word' id='word_1_49' title='bbox 570 1165 680 1225; x_wconf 87' lang='lat' dir='ltr'><strong>antem</strong></span> <span class='ocrx_word' id='word_1_50' title='bbox 694 1161 845 1226; x_wconf 89' lang='lat' dir='ltr'><strong>habitum</strong></span> <span class='ocrx_word' id='word_1_51' title='bbox 871 1161 1036 1248; x_wconf 88' lang='lat' dir='ltr'><strong>Dionysio</strong></span> <span class='ocrx_word' id='word_1_52' title='bbox 1063 1164 1276 1248; x_wconf 84' lang='lat' dir='ltr'><strong>Syracusano</strong></span> 
     </span>
     <span class='ocr_line' id='line_1_9' title="bbox 188 1247 1279 1348; baseline 0.005 -23"><span class='ocrx_word' id='word_1_53' title='bbox 188 1261 296 1325; x_wconf 87' lang='lat' dir='ltr'><strong>adhuc</strong></span> <span class='ocrx_word' id='word_1_54' title='bbox 312 1281 350 1325; x_wconf 88' lang='lat' dir='ltr'><strong>se</strong></span> <span class='ocrx_word' id='word_1_55' title='bbox 365 1262 574 1339; x_wconf 63' lang='lat' dir='ltr'><strong>continente:</strong></span> <span class='ocrx_word' id='word_1_56' title='bbox 597 1259 785 1339; x_wconf 87' lang='lat' dir='ltr'><strong>Himerae,⁶⁷</strong></span> <span class='ocrx_word' id='word_1_57' title='bbox 808 1247 963 1346; x_wconf 77' lang='lat' dir='ltr'><strong>quaedam</strong></span> <span class='ocrx_word' id='word_1_58' title='bbox 989 1285 1055 1330; x_wconf 92' lang='lat' dir='ltr'><strong>non</strong></span> <span class='ocrx_word' id='word_1_59' title='bbox 1069 1267 1202 1331; x_wconf 80' lang='lat' dir='ltr'><strong>obscuri</strong></span> <span class='ocrx_word' id='word_1_60' title='bbox 1223 1287 1279 1348; x_wconf 86' lang='lat' dir='ltr'><strong>ge-</strong></span> 
     </span>
     <span class='ocr_line' id='line_1_10' title="bbox 185 1362 1279 1447; baseline 0.004 -21"><span class='ocrx_word' id='word_1_61' title='bbox 185 1363 270 1427; x_wconf 86' lang='lat' dir='ltr'><strong>neris</strong></span> <span class='ocrx_word' id='word_1_62' title='bbox 282 1363 434 1442; x_wconf 84' lang='lat' dir='ltr'><strong>foemina,</strong></span> <span class='ocrx_word' id='word_1_63' title='bbox 443 1363 529 1427; x_wconf 89' lang='lat' dir='ltr'><strong>inter</strong></span> <span class='ocrx_word' id='word_1_64' title='bbox 536 1362 685 1446; x_wconf 89' lang='lat' dir='ltr'><strong>quietem</strong></span> <span class='ocrx_word' id='word_1_65' title='bbox 695 1363 852 1447; x_wconf 90' lang='lat' dir='ltr'><strong>opinione</strong></span> <span class='ocrx_word' id='word_1_66' title='bbox 862 1384 924 1429; x_wconf 86' lang='lat' dir='ltr'><strong>sna</strong></span> <span class='ocrx_word' id='word_1_67' title='bbox 939 1366 1062 1430; x_wconf 89' lang='lat' dir='ltr'><strong>coelum</strong></span> <span class='ocrx_word' id='word_1_68' title='bbox 1077 1367 1279 1445; x_wconf 84' lang='lat' dir='ltr'><strong>conscendit,</strong></span> 
     </span>
     <span class='ocr_line' id='line_1_11' title="bbox 188 1461 1279 1546; baseline 0.005 -20"><span class='ocrx_word' id='word_1_69' title='bbox 188 1470 292 1546; x_wconf 88' lang='lat' dir='ltr'><strong>atque</strong></span> <span class='ocrx_word' id='word_1_70' title='bbox 317 1463 444 1528; x_wconf 83' lang='lat' dir='ltr'><strong>ibidem</strong></span> <span class='ocrx_word' id='word_1_71' title='bbox 471 1464 623 1528; x_wconf 90' lang='lat' dir='ltr'><strong>Deorum</strong></span> <span class='ocrx_word' id='word_1_72' title='bbox 632 1461 659 1502; x_wconf 80' lang='lat'><strong>⁶⁸</strong></span> <span class='ocrx_word' id='word_1_73' title='bbox 683 1464 829 1527; x_wconf 89' lang='lat' dir='ltr'><strong>omnium</strong></span> <span class='ocrx_word' id='word_1_74' title='bbox 856 1465 1008 1528; x_wconf 89' lang='lat' dir='ltr'><strong>lustratis</strong></span> <span class='ocrx_word' id='word_1_75' title='bbox 1038 1467 1184 1546; x_wconf 85' lang='lat' dir='ltr'><strong>sedibus,</strong></span> <span class='ocrx_word' id='word_1_76' title='bbox 1208 1470 1279 1532; x_wconf 91' lang='lat' dir='ltr'><strong>ani·</strong></span> 
     </span>
     <span class='ocr_line' id='line_1_12' title="bbox 187 1563 1279 1648; baseline 0.007 -22"><span class='ocrx_word' id='word_1_77' title='bbox 187 1564 370 1628; x_wconf 76' lang='lat' dir='ltr'><strong>madrertit</strong></span> <span class='ocrx_word' id='word_1_78' title='bbox 384 1565 623 1648; x_wconf 86' lang='lat' dir='ltr'><strong>praevalentem</strong></span> <span class='ocrx_word' id='word_1_79' title='bbox 640 1563 745 1627; x_wconf 87' lang='lat' dir='ltr'><strong>virum</strong></span> <span class='ocrx_word' id='word_1_80' title='bbox 759 1563 839 1628; x_wconf 87' lang='lat' dir='ltr'><strong>flavi</strong></span> <span class='ocrx_word' id='word_1_81' title='bbox 851 1566 986 1643; x_wconf 86' lang='lat' dir='ltr'><strong>coloris,</strong></span> <span class='ocrx_word' id='word_1_82' title='bbox 996 1567 1187 1648; x_wconf 73' lang='lat' dir='ltr'><strong>lentiginosi</strong></span> <span class='ocrx_word' id='word_1_83' title='bbox 1200 1570 1279 1647; x_wconf 80' lang='lat' dir='ltr'><strong>orie,</strong></span> 
     </span>
     <span class='ocr_line' id='line_1_13' title="bbox 188 1663 1279 1753; baseline 0.007 -27"><span class='ocrx_word' id='word_1_84' title='bbox 188 1663 303 1728; x_wconf 85' lang='lat' dir='ltr'><strong>ferreis</strong></span> <span class='ocrx_word' id='word_1_85' title='bbox 318 1665 445 1729; x_wconf 88' lang='lat' dir='ltr'><strong>catenis</strong></span> <span class='ocrx_word' id='word_1_86' title='bbox 459 1665 614 1743; x_wconf 86' lang='lat' dir='ltr'><strong>vinctum,</strong></span> <span class='ocrx_word' id='word_1_87' title='bbox 629 1664 651 1729; x_wconf 86' lang='lat' dir='ltr'>J</span> <span class='ocrx_word' id='word_1_88' title='bbox 654 1666 727 1730; x_wconf 82' lang='lat' dir='ltr'><strong>ovis</strong></span> <span class='ocrx_word' id='word_1_89' title='bbox 739 1663 840 1743; x_wconf 88' lang='lat' dir='ltr'><strong>solio,</strong></span> <span class='ocrx_word' id='word_1_90' title='bbox 854 1666 1060 1751; x_wconf 84' lang='lat' dir='ltr'><strong>pedibusque</strong></span> <span class='ocrx_word' id='word_1_91' title='bbox 1074 1669 1279 1753; x_wconf 86' lang='lat' dir='ltr'><strong>subjectum:</strong></span> 
     </span>
     <span class='ocr_line' id='line_1_14' title="bbox 186 1761 1280 1851; baseline 0.005 -23"><span class='ocrx_word' id='word_1_92' title='bbox 186 1761 452 1850; x_wconf 83' lang='lat' dir='ltr'><strong>interrogatoque</strong></span> <span class='ocrx_word' id='word_1_93' title='bbox 470 1765 604 1850; x_wconf 87' lang='lat' dir='ltr'><strong>juvene,</strong></span> <span class='ocrx_word' id='word_1_94' title='bbox 620 1786 688 1851; x_wconf 92' lang='lat' dir='ltr'><strong>quo</strong></span> <span class='ocrx_word' id='word_1_95' title='bbox 703 1768 933 1832; x_wconf 88' lang='lat' dir='ltr'><strong>considerandi</strong></span> <span class='ocrx_word' id='word_1_96' title='bbox 960 1769 1038 1832; x_wconf 89' lang='lat' dir='ltr'><strong>coeli</strong></span> <span class='ocrx_word' id='word_1_97' title='bbox 1061 1768 1146 1833; x_wconf 90' lang='lat' dir='ltr'><strong>duce</strong></span> <span class='ocrx_word' id='word_1_98' title='bbox 1170 1770 1280 1835; x_wconf 84' lang='lat' dir='ltr'><strong>suerat</strong></span> 
     </span>
     <span class='ocr_line' id='line_1_15' title="bbox 190 1868 1279 1952; baseline 0.005 -25"><span class='ocrx_word' id='word_1_99' title='bbox 190 1885 265 1942; x_wconf 87' lang='lat' dir='ltr'><strong>usa,</strong></span> <span class='ocrx_word' id='word_1_100' title='bbox 287 1869 460 1948; x_wconf 86' lang='lat' dir='ltr'><strong>‘quisnam</strong></span> <span class='ocrx_word' id='word_1_101' title='bbox 474 1875 564 1933; x_wconf 87' lang='lat' dir='ltr'><strong>esset</strong></span> <span class='ocrx_word' id='word_1_102' title='bbox 574 1868 600 1932; x_wconf 81' lang='lat' dir='ltr'><strong>l&#39;</strong></span> <span class='ocrx_word' id='word_1_103' title='bbox 622 1869 738 1947; x_wconf 83' lang='lat' dir='ltr'><strong>audiit,</strong></span> <span class='ocrx_word' id='word_1_104' title='bbox 761 1870 869 1933; x_wconf 91' lang='lat' dir='ltr'><strong>‘illum</strong></span> <span class='ocrx_word' id='word_1_105' title='bbox 895 1871 1022 1934; x_wconf 87' lang='lat' dir='ltr'><strong>Siciliae</strong></span> <span class='ocrx_word' id='word_1_106' title='bbox 1047 1874 1146 1952; x_wconf 92' lang='lat' dir='ltr'><strong>atque</strong></span> <span class='ocrx_word' id='word_1_107' title='bbox 1170 1869 1279 1932; x_wconf 84' lang='lat' dir='ltr'><strong>Italiae</strong></span> 
     </span>
     <span class='ocr_line' id='line_1_16' title="bbox 189 1963 1280 2049; baseline 0.005 -23"><span class='ocrx_word' id='word_1_108' title='bbox 189 1963 294 2027; x_wconf 91' lang='lat' dir='ltr'><strong>dirum</strong></span> <span class='ocrx_word' id='word_1_109' title='bbox 308 1984 384 2028; x_wconf 89' lang='lat' dir='ltr'><strong>esse</strong></span> <span class='ocrx_word' id='word_1_110' title='bbox 399 1965 524 2045; x_wconf 85' lang='lat' dir='ltr'><strong>fatum,’</strong></span> <span class='ocrx_word' id='word_1_111' title='bbox 547 1968 757 2049; x_wconf 88' lang='lat' dir='ltr'><strong>solutumque</strong></span> <span class='ocrx_word' id='word_1_112' title='bbox 770 1968 926 2045; x_wconf 86' lang='lat' dir='ltr'><strong>vinculis,</strong></span> <span class='ocrx_word' id='word_1_113' title='bbox 942 1969 1056 2032; x_wconf 86' lang='lat' dir='ltr'><strong>multis</strong></span> <span class='ocrx_word' id='word_1_114' title='bbox 1070 1969 1208 2032; x_wconf 90' lang='lat' dir='ltr'><strong>urbibus</strong></span> <span class='ocrx_word' id='word_1_115' title='bbox 1221 1987 1280 2032; x_wconf 86' lang='lat' dir='ltr'><strong>ex-</strong></span> 
     </span>
     <span class='ocr_line' id='line_1_17' title="bbox 189 2063 1280 2160; baseline 0.007 -35"><span class='ocrx_word' id='word_1_116' title='bbox 189 2063 251 2126; x_wconf 90' lang='lat' dir='ltr'><strong>itio</strong></span> <span class='ocrx_word' id='word_1_117' title='bbox 266 2064 429 2130; x_wconf 87' lang='lat' dir='ltr'><strong>futurum:</strong></span> <span class='ocrx_word' id='word_1_118' title='bbox 447 2066 540 2148; x_wconf 93' lang='lat' dir='ltr'><strong>qnod</strong></span> <span class='ocrx_word' id='word_1_119' title='bbox 556 2065 720 2144; x_wconf 86' lang='lat' dir='ltr'><strong>somnium</strong></span> <span class='ocrx_word' id='word_1_120' title='bbox 735 2072 869 2150; x_wconf 89' lang='lat' dir='ltr'><strong>postero</strong></span> <span class='ocrx_word' id='word_1_121' title='bbox 884 2067 939 2130; x_wconf 91' lang='lat' dir='ltr'><strong>die</strong></span> <span class='ocrx_word' id='word_1_122' title='bbox 955 2084 1102 2145; x_wconf 84' lang='lat' dir='ltr'><strong>sermone</strong></span> <span class='ocrx_word' id='word_1_123' title='bbox 1120 2067 1280 2160; x_wconf 79' lang='lat' dir='ltr'><strong>vulgavit.</strong></span> 
     </span>
     <span class='ocr_line' id='line_1_18' title="bbox 190 2163 1280 2251; baseline 0.006 -24"><span class='ocrx_word' id='word_1_124' title='bbox 190 2163 376 2247; x_wconf 90' lang='lat' dir='ltr'><strong>Postquam</strong></span> <span class='ocrx_word' id='word_1_125' title='bbox 392 2166 513 2231; x_wconf 90' lang='lat' dir='ltr'><strong>deinde</strong></span> <span class='ocrx_word' id='word_1_126' title='bbox 530 2167 733 2250; x_wconf 91' lang='lat' dir='ltr'><strong>Dionysium</strong></span> <span class='ocrx_word' id='word_1_127' title='bbox 751 2167 908 2232; x_wconf 72' lang='lat' dir='ltr'><strong>inimicax</strong></span> <span class='ocrx_word' id='word_1_128' title='bbox 930 2170 1168 2251; x_wconf 83' lang='lat' dir='ltr'><strong>Syracusarum</strong></span> <span class='ocrx_word' id='word_1_129' title='bbox 1182 2170 1280 2233; x_wconf 89' lang='lat' dir='ltr'><strong>liber-</strong></span> 
     </span>
     <span class='ocr_line' id='line_1_19' title="bbox 190 2266 1280 2351; baseline 0.006 -22"><span class='ocrx_word' id='word_1_130' title='bbox 190 2266 264 2344; x_wconf 84' lang='lat' dir='ltr'><strong>tati,</strong></span> <span class='ocrx_word' id='word_1_131' title='bbox 279 2268 517 2351; x_wconf 88' lang='lat' dir='ltr'><strong>capitibusque</strong></span> <span class='ocrx_word' id='word_1_132' title='bbox 532 2268 716 2331; x_wconf 88' lang='lat' dir='ltr'><strong>insontium</strong></span> <span class='ocrx_word' id='word_1_133' title='bbox 731 2268 851 2332; x_wconf 86' lang='lat' dir='ltr'><strong>iniesta</strong></span> <span class='ocrx_word' id='word_1_134' title='bbox 865 2268 1001 2333; x_wconf 87' lang='lat' dir='ltr'><strong>fortuna</strong></span> <span class='ocrx_word' id='word_1_135' title='bbox 1015 2270 1145 2334; x_wconf 89' lang='lat' dir='ltr'><strong>coelesti</strong></span> <span class='ocrx_word' id='word_1_136' title='bbox 1167 2277 1280 2335; x_wconf 87' lang='lat' dir='ltr'><strong>custo·</strong></span> 
     </span>
    </p>
   </div>
   <div class='ocr_carea' id='block_1_3' title="bbox 220 2451 898 2518">
    <p class='ocr_par' dir='ltr' id='par_1_4' title="bbox 220 2451 898 2518">
     <span class='ocr_line' id='line_1_20' title="bbox 220 2451 898 2518; baseline 0.001 -16"><span class='ocrx_word' id='word_1_137' title='bbox 220 2454 228 2482; x_wconf 77' lang='lat'>⁸</span> <span class='ocrx_word' id='word_1_138' title='bbox 244 2451 310 2503; x_wconf 80' lang='lat' dir='ltr'><strong>Dum</strong></span> <span class='ocrx_word' id='word_1_139' title='bbox 320 2453 450 2518; x_wconf 76' lang='lat' dir='ltr'><strong>Dionysius</strong></span> <span class='ocrx_word' id='word_1_140' title='bbox 460 2452 621 2518; x_wconf 56' lang='lat' dir='ltr'><strong>&amp;emmanue</strong></span> <span class='ocrx_word' id='word_1_141' title='bbox 628 2453 774 2506; x_wconf 76' lang='lat' dir='ltr'><strong>adhaereret</strong></span> <span class='ocrx_word' id='word_1_142' title='bbox 783 2454 898 2518; x_wconf 77' lang='lat' dir='ltr'><strong>privatur.</strong></span> 
     </span>
    </p>
   </div>
   <div class='ocr_carea' id='block_1_4' title="bbox 150 2660 1283 3042">
    <p class='ocr_par' dir='ltr' id='par_1_5' title="bbox 150 2660 1283 3042">
     <span class='ocr_line' id='line_1_21' title="bbox 150 2660 1281 2729; baseline 0.004 -20"><span class='ocrx_word' id='word_1_143' title='bbox 150 2681 152 2684; x_wconf 96' lang='lat'>·</span> <span class='ocrx_word' id='word_1_144' title='bbox 190 2664 253 2709; x_wconf 81' lang='grc'><strong>-67</strong></span> <span class='ocrx_word' id='word_1_145' title='bbox 269 2660 330 2712; x_wconf 87' lang='lat' dir='ltr'><strong>Vet.</strong></span> <span class='ocrx_word' id='word_1_146' title='bbox 341 2660 431 2708; x_wconf 74' lang='lat' dir='ltr'><strong>bimam</strong></span> <span class='ocrx_word' id='word_1_147' title='bbox 440 2661 547 2723; x_wconf 76' lang='lat' dir='ltr'><strong>quedam</strong></span> <span class='ocrx_word' id='word_1_148' title='bbox 554 2676 565 2718; x_wconf 95' lang='lat'><strong>,·</strong></span> <span class='ocrx_word' id='word_1_149' title='bbox 581 2667 609 2710; x_wconf 91' lang='lat' dir='ltr'><strong>et</strong></span> <span class='ocrx_word' id='word_1_150' title='bbox 619 2661 656 2711; x_wconf 79' lang='lat' dir='ltr'><strong>sie</strong></span> <span class='ocrx_word' id='word_1_151' title='bbox 667 2661 693 2712; x_wconf 85' lang='lat' dir='ltr'><strong>tn</strong></span> <span class='ocrx_word' id='word_1_152' title='bbox 706 2663 763 2712; x_wconf 81' lang='lat' dir='ltr'><strong>aliia</strong></span> <span class='ocrx_word' id='word_1_153' title='bbox 774 2663 834 2714; x_wconf 88' lang='lat' dir='ltr'><strong>edd.</strong></span> <span class='ocrx_word' id='word_1_154' title='bbox 846 2664 926 2729; x_wconf 84' lang='lat' dir='ltr'><strong>antiq.</strong></span> <span class='ocrx_word' id='word_1_155' title='bbox 951 2664 1058 2729; x_wconf 82' lang='lat' dir='ltr'><strong>Pighius</strong></span> <span class='ocrx_word' id='word_1_156' title='bbox 1078 2665 1144 2726; x_wconf 86' lang='lat' dir='ltr'><strong>conj.</strong></span> <span class='ocrx_word' id='word_1_157' title='bbox 1160 2663 1281 2714; x_wconf 71' lang='lat' dir='ltr'><strong>nimam</strong></span> 
     </span>
     <span class='ocr_line' id='line_1_22' title="bbox 190 2723 1282 2792; baseline 0.005 -20"><span class='ocrx_word' id='word_1_158' title='bbox 190 2727 311 2786; x_wconf 59' lang='lat' dir='ltr'><strong>puoewm:</strong></span> <span class='ocrx_word' id='word_1_159' title='bbox 329 2723 375 2771; x_wconf 87' lang='lat' dir='ltr'><strong>sed</strong></span> <span class='ocrx_word' id='word_1_160' title='bbox 387 2724 516 2784; x_wconf 84' lang='lat' dir='ltr'><strong>vulgatam</strong></span> <span class='ocrx_word' id='word_1_161' title='bbox 528 2723 680 2775; x_wconf 85' lang='lat' dir='ltr'><strong>confirmant</strong></span> <span class='ocrx_word' id='word_1_162' title='bbox 691 2741 779 2776; x_wconf 80' lang='lat' dir='ltr'><strong>omnes</strong></span> <span class='ocrx_word' id='word_1_163' title='bbox 790 2729 941 2778; x_wconf 82' lang='lat' dir='ltr'><strong>Torreniani</strong></span> <span class='ocrx_word' id='word_1_164' title='bbox 953 2729 1094 2778; x_wconf 77' lang='lat' dir='ltr'><strong>codd-68</strong></span> <span class='ocrx_word' id='word_1_165' title='bbox 1111 2729 1204 2792; x_wconf 85' lang='lat' dir='ltr'><strong>Caper.</strong></span> <span class='ocrx_word' id='word_1_166' title='bbox 1212 2733 1282 2792; x_wconf 77' lang='lat' dir='ltr'><strong>atque</strong></span> 
     </span>
     <span class='ocr_line' id='line_1_23' title="bbox 171 2786 1282 2856; baseline 0.007 -22"><span class='ocrx_word' id='word_1_167' title='bbox 171 2801 174 2809; x_wconf 89' lang='lat'>·</span> <span class='ocrx_word' id='word_1_168' title='bbox 189 2787 224 2835; x_wconf 79' lang='lat' dir='ltr'><strong>ibi</strong></span> <span class='ocrx_word' id='word_1_169' title='bbox 235 2786 347 2834; x_wconf 81' lang='lat' dir='ltr'><strong>Deorum.</strong></span> <span class='ocrx_word' id='word_1_170' title='bbox 380 2787 445 2835; x_wconf 87' lang='lat' dir='ltr'><strong>Mox</strong></span> <span class='ocrx_word' id='word_1_171' title='bbox 455 2787 480 2834; x_wconf 94' lang='lat' dir='ltr'><strong>in</strong></span> <span class='ocrx_word' id='word_1_172' title='bbox 490 2788 584 2838; x_wconf 88' lang='lat' dir='ltr'><strong>Venet.</strong></span> <span class='ocrx_word' id='word_1_173' title='bbox 595 2795 620 2838; x_wconf 76' lang='grc'><strong>5.</strong></span> <span class='ocrx_word' id='word_1_174' title='bbox 637 2796 665 2840; x_wconf 86' lang='lat' dir='ltr'><strong>et</strong></span> <span class='ocrx_word' id='word_1_175' title='bbox 676 2790 733 2840; x_wconf 85' lang='lat' dir='ltr'><strong>aliia</strong></span> <span class='ocrx_word' id='word_1_176' title='bbox 745 2790 803 2840; x_wconf 88' lang='lat' dir='ltr'><strong>edd.</strong></span> <span class='ocrx_word' id='word_1_177' title='bbox 816 2798 882 2842; x_wconf 82' lang='lat' dir='ltr'><strong>vett.</strong></span> <span class='ocrx_word' id='word_1_178' title='bbox 898 2793 1034 2856; x_wconf 74' lang='lat' dir='ltr'><strong>pangratio</strong></span> <span class='ocrx_word' id='word_1_179' title='bbox 1042 2793 1203 2843; x_wconf 63' lang='lat' dir='ltr'><strong>mrdduaadi</strong></span> <span class='ocrx_word' id='word_1_180' title='bbox 1212 2793 1282 2850; x_wconf 82' lang='lat' dir='ltr'><strong>eoelt,·</strong></span> 
     </span>
     <span class='ocr_line' id='line_1_24' title="bbox 192 2849 1282 2918; baseline 0.008 -22"><span class='ocrx_word' id='word_1_181' title='bbox 192 2851 244 2910; x_wconf 84' lang='lat' dir='ltr'><strong>vel,</strong></span> <span class='ocrx_word' id='word_1_182' title='bbox 260 2864 305 2911; x_wconf 79' lang='lat' dir='ltr'><strong>qno</strong></span> <span class='ocrx_word' id='word_1_183' title='bbox 318 2849 478 2898; x_wconf 77' lang='lat' dir='ltr'><strong>mnrtderandi</strong></span> <span class='ocrx_word' id='word_1_184' title='bbox 496 2852 740 2912; x_wconf 58' lang='lat' dir='ltr'><strong>cauponatores</strong></span> <span class='ocrx_word' id='word_1_185' title='bbox 758 2855 851 2904; x_wconf 82' lang='lat' dir='ltr'><strong>Heinr.</strong></span> <span class='ocrx_word' id='word_1_186' title='bbox 869 2860 893 2906; x_wconf 92' lang='lat' dir='ltr'><strong>l.</strong></span> <span class='ocrx_word' id='word_1_187' title='bbox 914 2856 994 2906; x_wconf 84' lang='lat' dir='ltr'><strong>babet</strong></span> <span class='ocrx_word' id='word_1_188' title='bbox 1012 2857 1075 2906; x_wconf 89' lang='lat' dir='ltr'><strong>illud</strong></span> <span class='ocrx_word' id='word_1_189' title='bbox 1090 2859 1181 2918; x_wconf 78' lang='lat' dir='ltr'><strong>gratio.</strong></span> <span class='ocrx_word' id='word_1_190' title='bbox 1207 2857 1282 2905; x_wconf 79' lang='lat' dir='ltr'><strong>Harl.</strong></span> 
     </span>
     <span class='ocr_line' id='line_1_25' title="bbox 192 2913 1283 2979; baseline 0.004 -19"><span class='ocrx_word' id='word_1_191' title='bbox 192 2914 302 2975; x_wconf 80' lang='lat' dir='ltr'><strong>quidnam</strong></span> <span class='ocrx_word' id='word_1_192' title='bbox 312 2918 370 2961; x_wconf 79' lang='lat' dir='ltr'><strong>erret</strong></span> <span class='ocrx_word' id='word_1_193' title='bbox 383 2927 430 2976; x_wconf 89' lang='lat' dir='ltr'><strong>pro</strong></span> <span class='ocrx_word' id='word_1_194' title='bbox 441 2913 547 2974; x_wconf 68' lang='lat' dir='ltr'><strong>pabeam</strong></span> <span class='ocrx_word' id='word_1_195' title='bbox 558 2920 626 2963; x_wconf 79' lang='lat' dir='ltr'><strong>erret.</strong></span> <span class='ocrx_word' id='word_1_196' title='bbox 660 2916 714 2964; x_wconf 91' lang='lat' dir='ltr'><strong>Pro</strong></span> <span class='ocrx_word' id='word_1_197' title='bbox 724 2917 802 2964; x_wconf 79' lang='lat' dir='ltr'><strong>audiit</strong></span> <span class='ocrx_word' id='word_1_198' title='bbox 813 2919 887 2979; x_wconf 82' lang='lat' dir='ltr'><strong>longe</strong></span> <span class='ocrx_word' id='word_1_199' title='bbox 898 2917 982 2978; x_wconf 87' lang='lat' dir='ltr'><strong>major</strong></span> <span class='ocrx_word' id='word_1_200' title='bbox 997 2919 1073 2967; x_wconf 86' lang='lat' dir='ltr'><strong>codd.</strong></span> <span class='ocrx_word' id='word_1_201' title='bbox 1093 2928 1119 2967; x_wconf 88' lang='lat' dir='ltr'><strong>et</strong></span> <span class='ocrx_word' id='word_1_202' title='bbox 1137 2918 1196 2966; x_wconf 84' lang='lat' dir='ltr'><strong>edd.</strong></span> <span class='ocrx_word' id='word_1_203' title='bbox 1214 2931 1283 2978; x_wconf 79' lang='lat' dir='ltr'><strong>pare,</strong></span> 
     </span>
     <span class='ocr_line' id='line_1_26' title="bbox 193 2976 1282 3042; baseline 0.002 -18"><span class='ocrx_word' id='word_1_204' title='bbox 193 2977 300 3026; x_wconf 79' lang='lat' dir='ltr'><strong>ondtm&#39;t:</strong></span> <span class='ocrx_word' id='word_1_205' title='bbox 325 2976 419 3040; x_wconf 77' lang='lat' dir='ltr'><strong>Copae.</strong></span> <span class='ocrx_word' id='word_1_206' title='bbox 436 2977 513 3025; x_wconf 76' lang='lat' dir='ltr'><strong>audiit</strong></span> <span class='ocrx_word' id='word_1_207' title='bbox 529 2977 622 3026; x_wconf 76' lang='lat' dir='ltr'><strong>Sicilie</strong></span> <span class='ocrx_word' id='word_1_208' title='bbox 639 2983 710 3040; x_wconf 77' lang='lat' dir='ltr'><strong>atque</strong></span> <span class='ocrx_word' id='word_1_209' title='bbox 728 2980 811 3028; x_wconf 80' lang='lat' dir='ltr'><strong>Itntioe</strong></span> <span class='ocrx_word' id='word_1_210' title='bbox 829 2993 876 3028; x_wconf 83' lang='lat' dir='ltr'><strong>erre</strong></span> <span class='ocrx_word' id='word_1_211' title='bbox 894 2981 973 3027; x_wconf 80' lang='lat' dir='ltr'><strong>dirum</strong></span> <span class='ocrx_word' id='word_1_212' title='bbox 984 2980 1076 3042; x_wconf 82' lang='lat' dir='ltr'><strong>fotum,</strong></span> <span class='ocrx_word' id='word_1_213' title='bbox 1095 2983 1189 3029; x_wconf 82' lang='lat' dir='ltr'><strong>omieuo</strong></span> <span class='ocrx_word' id='word_1_214' title='bbox 1206 2980 1282 3041; x_wconf 77' lang='lat' dir='ltr'><strong>illum,</strong></span> 
     </span>
    </p>
   </div>
   <div class='ocr_carea' id='block_1_5' title="bbox 680 3090 791 3141">
    <p class='ocr_par' dir='ltr' id='par_1_6' title="bbox 680 3090 791 3141">
     <span class='ocr_line' id='line_1_27' title="bbox 680 3090 791 3141; baseline -0.009 0"><span class='ocrx_word' id='word_1_215' title='bbox 680 3090 791 3141; x_wconf 83' lang='lat' dir='ltr'>NOTAE</span> 
     </span>
    </p>
   </div>
   <div class='ocr_carea' id='block_1_6' title="bbox 194 3181 1284 3476">
    <p class='ocr_par' dir='ltr' id='par_1_7' title="bbox 194 3181 1284 3476">
     <span class='ocr_line' id='line_1_28' title="bbox 226 3181 1284 3246; baseline 0 -15"><span class='ocrx_word' id='word_1_216' title='bbox 226 3182 349 3245; x_wconf 74' lang='lat' dir='ltr'><strong>&#39;Ecponi</strong></span> <span class='ocrx_word' id='word_1_217' title='bbox 357 3181 474 3245; x_wconf 73' lang='lat' dir='ltr'><strong>jubendo]</strong></span> <span class='ocrx_word' id='word_1_218' title='bbox 491 3184 632 3235; x_wconf 81' lang='lat' dir='ltr'><strong>Gravidam</strong></span> <span class='ocrx_word' id='word_1_219' title='bbox 645 3185 677 3235; x_wconf 88' lang='lat' dir='ltr'><strong>ad</strong></span> <span class='ocrx_word' id='word_1_220' title='bbox 691 3200 719 3236; x_wconf 89' lang='lat' dir='ltr'><strong>se</strong></span> <span class='ocrx_word' id='word_1_221' title='bbox 759 3187 802 3237; x_wconf 87' lang='lat' dir='ltr'><strong>dia</strong></span> <span class='ocrx_word' id='word_1_222' title='bbox 819 3185 924 3246; x_wconf 84' lang='lat' dir='ltr'><strong>vietum,</strong></span> <span class='ocrx_word' id='word_1_223' title='bbox 947 3183 988 3233; x_wconf 84' lang='lat' dir='ltr'><strong>vel</strong></span> <span class='ocrx_word' id='word_1_224' title='bbox 1009 3182 1077 3246; x_wconf 88' lang='lat' dir='ltr'><strong>apud</strong></span> <span class='ocrx_word' id='word_1_225' title='bbox 1096 3196 1124 3230; x_wconf 86' lang='lat' dir='ltr'><strong>se</strong></span> <span class='ocrx_word' id='word_1_226' title='bbox 1141 3183 1168 3231; x_wconf 85' lang='lat' dir='ltr'><strong>in</strong></span> <span class='ocrx_word' id='word_1_227' title='bbox 1187 3182 1284 3231; x_wconf 88' lang='lat' dir='ltr'><strong>honore</strong></span> 
     </span>
     <span class='ocr_line' id='line_1_29' title="bbox 194 3255 1283 3326; baseline -0.003 -19"><span class='ocrx_word' id='word_1_228' title='bbox 194 3256 272 3307; x_wconf 84' lang='lat' dir='ltr'><strong>filiam</strong></span> <span class='ocrx_word' id='word_1_229' title='bbox 284 3273 316 3308; x_wconf 91' lang='lat' dir='ltr'><strong>eo</strong></span> <span class='ocrx_word' id='word_1_230' title='bbox 327 3259 406 3322; x_wconf 82' lang='lat' dir='ltr'><strong>jussit</strong></span> <span class='ocrx_word' id='word_1_231' title='bbox 421 3259 511 3323; x_wconf 86' lang='lat' dir='ltr'><strong>acciri,</strong></span> <span class='ocrx_word' id='word_1_232' title='bbox 529 3267 559 3310; x_wconf 89' lang='lat' dir='ltr'><strong>ut</strong></span> <span class='ocrx_word' id='word_1_233' title='bbox 576 3263 625 3310; x_wconf 81' lang='lat' dir='ltr'><strong>rub</strong></span> <span class='ocrx_word' id='word_1_234' title='bbox 641 3261 720 3326; x_wconf 75' lang='lat' dir='ltr'><strong>ipsius</strong></span> <span class='ocrx_word' id='word_1_235' title='bbox 758 3261 858 3324; x_wconf 88' lang='lat' dir='ltr'><strong>habuit,</strong></span> <span class='ocrx_word' id='word_1_236' title='bbox 865 3267 895 3311; x_wconf 89' lang='lat' dir='ltr'><strong>ut</strong></span> <span class='ocrx_word' id='word_1_237' title='bbox 904 3258 985 3309; x_wconf 78' lang='lat' dir='ltr'><strong>tradit</strong></span> <span class='ocrx_word' id='word_1_238' title='bbox 992 3256 1158 3318; x_wconf 55' lang='lat' dir='ltr'><strong>Herodotum</strong></span> <span class='ocrx_word' id='word_1_239' title='bbox 1171 3257 1212 3305; x_wconf 88' lang='lat' dir='ltr'><strong>vel</strong></span> <span class='ocrx_word' id='word_1_240' title='bbox 1222 3255 1283 3304; x_wconf 89' lang='lat' dir='ltr'><strong>Hir-</strong></span> 
     </span>
     <span class='ocr_line' id='line_1_30' title="bbox 194 3331 1283 3399; baseline -0.003 -16"><span class='ocrx_word' id='word_1_241' title='bbox 194 3334 274 3383; x_wconf 80' lang='lat' dir='ltr'><strong>oeulir</strong></span> <span class='ocrx_word' id='word_1_242' title='bbox 292 3341 379 3398; x_wconf 85' lang='lat' dir='ltr'><strong>partus</strong></span> <span class='ocrx_word' id='word_1_243' title='bbox 397 3342 544 3387; x_wconf 80' lang='lat' dir='ltr'><strong>necaretur.</strong></span> <span class='ocrx_word' id='word_1_244' title='bbox 576 3337 662 3387; x_wconf 82' lang='lat' dir='ltr'><strong>Natus</strong></span> <span class='ocrx_word' id='word_1_245' title='bbox 682 3339 721 3387; x_wconf 89' lang='lat' dir='ltr'><strong>in·</strong></span> <span class='ocrx_word' id='word_1_246' title='bbox 759 3349 883 3386; x_wconf 86' lang='lat' dir='ltr'><strong>canorum</strong></span> <span class='ocrx_word' id='word_1_247' title='bbox 894 3335 966 3398; x_wconf 80' lang='lat' dir='ltr'><strong>genti</strong></span> <span class='ocrx_word' id='word_1_248' title='bbox 982 3331 1135 3399; x_wconf 78' lang='lat' dir='ltr'><strong>praeposuit,</strong></span> <span class='ocrx_word' id='word_1_249' title='bbox 1147 3339 1176 3381; x_wconf 92' lang='lat' dir='ltr'><strong>ut</strong></span> <span class='ocrx_word' id='word_1_250' title='bbox 1187 3331 1230 3379; x_wconf 90' lang='lat' dir='ltr'><strong>alii</strong></span> <span class='ocrx_word' id='word_1_251' title='bbox 1240 3344 1283 3380; x_wconf 83' lang='lat' dir='ltr'><strong>vo·</strong></span> 
     </span>
     <span class='ocr_line' id='line_1_31' title="bbox 195 3407 824 3476; baseline 0.002 -18"><span class='ocrx_word' id='word_1_252' title='bbox 195 3407 252 3458; x_wconf 82' lang='lat' dir='ltr'><strong>faos</strong></span> <span class='ocrx_word' id='word_1_253' title='bbox 269 3409 346 3460; x_wconf 87' lang='lat' dir='ltr'><strong>datur</strong></span> <span class='ocrx_word' id='word_1_254' title='bbox 364 3410 489 3476; x_wconf 85' lang='lat' dir='ltr'><strong>Harpago</strong></span> <span class='ocrx_word' id='word_1_255' title='bbox 505 3411 676 3462; x_wconf 82' lang='lat' dir='ltr'><strong>occidendus:</strong></span> <span class='ocrx_word' id='word_1_256' title='bbox 695 3418 723 3462; x_wconf 87' lang='lat' dir='ltr'><strong>at</strong></span> <span class='ocrx_word' id='word_1_257' title='bbox 759 3412 824 3462; x_wconf 86' lang='lat' dir='ltr'><strong>lunt.</strong></span> 
     </span>
    </p>
   </div>
   <div class='ocr_carea' id='block_1_7' title="bbox 115 3479 1284 3552">
    <p class='ocr_par' dir='ltr' id='par_1_8' title="bbox 115 3479 1284 3552">
     <span class='ocr_line' id='line_1_32' title="bbox 115 3479 1284 3552; baseline -0.005 -17"><span class='ocrx_word' id='word_1_258' title='bbox 115 3547 117 3550; x_wconf 18' lang='grc' dir='ltr'><strong><em>ι</em></strong></span> <span class='ocrx_word' id='word_1_259' title='bbox 196 3485 218 3534; x_wconf 78' lang='lat' dir='ltr'><strong>it</strong></span> <span class='ocrx_word' id='word_1_260' title='bbox 236 3485 344 3550; x_wconf 82' lang='lat' dir='ltr'><strong>veritde,</strong></span> <span class='ocrx_word' id='word_1_261' title='bbox 367 3501 410 3549; x_wconf 91' lang='lat' dir='ltr'><strong>ne,</strong></span> <span class='ocrx_word' id='word_1_262' title='bbox 430 3488 451 3535; x_wconf 87' lang='lat' dir='ltr'><strong>si</strong></span> <span class='ocrx_word' id='word_1_263' title='bbox 472 3494 572 3538; x_wconf 89' lang='lat' dir='ltr'><strong>mortuo</strong></span> <span class='ocrx_word' id='word_1_264' title='bbox 595 3488 667 3552; x_wconf 83' lang='lat' dir='ltr'><strong>Rege</strong></span> <span class='ocrx_word' id='word_1_265' title='bbox 686 3488 720 3537; x_wconf 91' lang='lat' dir='ltr'><strong>ad</strong></span> <span class='ocrx_word' id='word_1_266' title='bbox 781 3489 807 3524; x_wconf 58' lang='lat'><strong>1*</strong></span> <span class='ocrx_word' id='word_1_267' title='bbox 824 3487 876 3536; x_wconf 79' lang='lat' dir='ltr'><strong>An.</strong></span> <span class='ocrx_word' id='word_1_268' title='bbox 887 3486 926 3536; x_wconf 88' lang='lat' dir='ltr'><strong>M.</strong></span> <span class='ocrx_word' id='word_1_269' title='bbox 939 3488 1012 3535; x_wconf 79' lang='grc'><strong>9459.</strong></span> <span class='ocrx_word' id='word_1_270' title='bbox 1030 3483 1072 3534; x_wconf 84' lang='grc'><strong>01.</strong></span> <span class='ocrx_word' id='word_1_271' title='bbox 1087 3487 1161 3533; x_wconf 64' lang='lat' dir='ltr'><strong>tim.</strong></span> <span class='ocrx_word' id='word_1_272' title='bbox 1176 3479 1241 3531; x_wconf 88' lang='lat' dir='ltr'><strong>Urb.</strong></span> <span class='ocrx_word' id='word_1_273' title='bbox 1254 3479 1284 3530; x_wconf 86' lang='lat' dir='ltr'><strong>C.</strong></span> 
     </span>
    </p>
   </div>
   <div class='ocr_carea' id='block_1_8' title="bbox 195 3560 1289 4307">
    <p class='ocr_par' dir='ltr' id='par_1_9' title="bbox 195 3560 1289 4307">
     <span class='ocr_line' id='line_1_33' title="bbox 195 3560 1013 3628; baseline 0 -19"><span class='ocrx_word' id='word_1_274' title='bbox 195 3560 350 3610; x_wconf 88' lang='lat' dir='ltr'><strong>Maudaoem</strong></span> <span class='ocrx_word' id='word_1_275' title='bbox 373 3563 485 3612; x_wconf 81' lang='lat' dir='ltr'><strong>venisset</strong></span> <span class='ocrx_word' id='word_1_276' title='bbox 505 3563 649 3628; x_wconf 86' lang='lat' dir='ltr'><strong>imperinm,</strong></span> <span class='ocrx_word' id='word_1_277' title='bbox 676 3565 721 3613; x_wconf 85' lang='lat' dir='ltr'><strong>illa</strong></span> <span class='ocrx_word' id='word_1_278' title='bbox 760 3561 1013 3614; x_wconf 77' lang='lat' dir='ltr'><strong>158.Ant.ctr.oot.</strong></span> 
     </span>
     <span class='ocr_line' id='line_1_34' title="bbox 195 3634 1288 3704; baseline -0.002 -20"><span class='ocrx_word' id='word_1_279' title='bbox 195 3636 281 3685; x_wconf 84' lang='lat' dir='ltr'><strong>necati</strong></span> <span class='ocrx_word' id='word_1_280' title='bbox 293 3637 367 3701; x_wconf 83' lang='lat' dir='ltr'><strong>pueri</strong></span> <span class='ocrx_word' id='word_1_281' title='bbox 378 3637 500 3686; x_wconf 89' lang='lat' dir='ltr'><strong>ultionem</strong></span> <span class='ocrx_word' id='word_1_282' title='bbox 513 3653 528 3686; x_wconf 87' lang='lat' dir='ltr'><strong>a</strong></span> <span class='ocrx_word' id='word_1_283' title='bbox 539 3638 655 3687; x_wconf 81' lang='lat' dir='ltr'><strong>ministro</strong></span> <span class='ocrx_word' id='word_1_284' title='bbox 666 3639 719 3688; x_wconf 84' lang='lat' dir='ltr'><strong>exi·</strong></span> <span class='ocrx_word' id='word_1_285' title='bbox 792 3646 805 3672; x_wconf 85' lang='lat'><em>¹</em></span> <span class='ocrx_word' id='word_1_286' title='bbox 822 3638 963 3702; x_wconf 77' lang='lat' dir='ltr'><strong>Dionysium</strong></span> <span class='ocrx_word' id='word_1_287' title='bbox 979 3635 1083 3696; x_wconf 74' lang='lat' dir='ltr'><strong>inimica,</strong></span> <span class='ocrx_word' id='word_1_288' title='bbox 1093 3634 1145 3698; x_wconf 60' lang='lat' dir='ltr'><strong>dc]</strong></span> <span class='ocrx_word' id='word_1_289' title='bbox 1161 3634 1241 3684; x_wconf 85' lang='lat' dir='ltr'><strong>Simul</strong></span> <span class='ocrx_word' id='word_1_290' title='bbox 1256 3638 1288 3704; x_wconf 75' lang='lat' dir='ltr'><strong>ut</strong></span> 
     </span>
     <span class='ocr_line' id='line_1_35' title="bbox 197 3708 1286 3778; baseline -0.003 -18"><span class='ocrx_word' id='word_1_291' title='bbox 197 3717 278 3776; x_wconf 85' lang='lat' dir='ltr'><strong>geret,</strong></span> <span class='ocrx_word' id='word_1_292' title='bbox 299 3712 422 3762; x_wconf 82' lang='lat' dir='ltr'><strong>infantem</strong></span> <span class='ocrx_word' id='word_1_293' title='bbox 440 3712 619 3776; x_wconf 89' lang='lat' dir='ltr'><strong>exponendum</strong></span> <span class='ocrx_word' id='word_1_294' title='bbox 642 3714 721 3763; x_wconf 85' lang='lat' dir='ltr'><strong>tradit</strong></span> <span class='ocrx_word' id='word_1_295' title='bbox 761 3708 1286 3778; x_wconf 79' lang='lat' dir='ltr'><strong>AgrigentumaCarthaginiensibuaeap·</strong></span> 
     </span>
     <span class='ocr_line' id='line_1_36' title="bbox 197 3786 1285 3854; baseline -0.003 -17"><span class='ocrx_word' id='word_1_296' title='bbox 197 3788 294 3850; x_wconf 84' lang='lat' dir='ltr'><strong>pastori</strong></span> <span class='ocrx_word' id='word_1_297' title='bbox 305 3789 377 3852; x_wconf 86' lang='lat' dir='ltr'><strong>regio</strong></span> <span class='ocrx_word' id='word_1_298' title='bbox 385 3788 547 3850; x_wconf 71' lang='lat' dir='ltr'><strong>Mithridati,</strong></span> <span class='ocrx_word' id='word_1_299' title='bbox 564 3789 637 3854; x_wconf 86' lang='lat' dir='ltr'><strong>cnjus</strong></span> <span class='ocrx_word' id='word_1_300' title='bbox 646 3805 720 3851; x_wconf 86' lang='lat' dir='ltr'><strong>uxor,</strong></span> <span class='ocrx_word' id='word_1_301' title='bbox 761 3796 814 3839; x_wconf 89' lang='lat' dir='ltr'><strong>tum</strong></span> <span class='ocrx_word' id='word_1_302' title='bbox 831 3789 912 3838; x_wconf 86' lang='lat' dir='ltr'><strong>audiit</strong></span> <span class='ocrx_word' id='word_1_303' title='bbox 926 3787 1077 3850; x_wconf 83' lang='lat' dir='ltr'><strong>Dionysius,</strong></span> <span class='ocrx_word' id='word_1_304' title='bbox 1088 3786 1159 3836; x_wconf 87' lang='lat' dir='ltr'><strong>illico</strong></span> <span class='ocrx_word' id='word_1_305' title='bbox 1175 3787 1285 3850; x_wconf 86' lang='lat' dir='ltr'><strong>Syraco-</strong></span> 
     </span>
     <span class='ocr_line' id='line_1_37' title="bbox 197 3861 1288 3928; baseline -0.004 -16"><span class='ocrx_word' id='word_1_306' title='bbox 197 3877 255 3927; x_wconf 84' lang='lat' dir='ltr'><strong>qnae</strong></span> <span class='ocrx_word' id='word_1_307' title='bbox 272 3871 326 3913; x_wconf 90' lang='lat' dir='ltr'><strong>tum</strong></span> <span class='ocrx_word' id='word_1_308' title='bbox 347 3862 415 3913; x_wconf 82' lang='lat' dir='ltr'><strong>forte</strong></span> <span class='ocrx_word' id='word_1_309' title='bbox 432 3870 558 3913; x_wconf 86' lang='lat' dir='ltr'><strong>mortuum</strong></span> <span class='ocrx_word' id='word_1_310' title='bbox 574 3871 721 3928; x_wconf 86' lang='lat' dir='ltr'><strong>pepererat,</strong></span> <span class='ocrx_word' id='word_1_311' title='bbox 762 3865 796 3913; x_wconf 82' lang='lat' dir='ltr'><strong>sis</strong></span> <span class='ocrx_word' id='word_1_312' title='bbox 812 3865 915 3927; x_wconf 87' lang='lat' dir='ltr'><strong>plebem</strong></span> <span class='ocrx_word' id='word_1_313' title='bbox 931 3862 1059 3921; x_wconf 79' lang='lat' dir='ltr'><strong>advocat3</strong></span> <span class='ocrx_word' id='word_1_314' title='bbox 1076 3875 1183 3926; x_wconf 88' lang='lat' dir='ltr'><strong>eamque</strong></span> <span class='ocrx_word' id='word_1_315' title='bbox 1196 3861 1288 3911; x_wconf 83' lang='lat' dir='ltr'><strong>adver·</strong></span> 
     </span>
     <span class='ocr_line' id='line_1_38' title="bbox 198 3935 1288 4002; baseline -0.003 -15"><span class='ocrx_word' id='word_1_316' title='bbox 198 3946 337 3989; x_wconf 85' lang='lat' dir='ltr'><strong>commutat</strong></span> <span class='ocrx_word' id='word_1_317' title='bbox 348 3953 449 4002; x_wconf 86' lang='lat' dir='ltr'><strong>pueros,</strong></span> <span class='ocrx_word' id='word_1_318' title='bbox 460 3938 632 4002; x_wconf 85' lang='lat' dir='ltr'><strong>Astyagisque</strong></span> <span class='ocrx_word' id='word_1_319' title='bbox 642 3953 722 4002; x_wconf 89' lang='lat' dir='ltr'><strong>nepo·</strong></span> <span class='ocrx_word' id='word_1_320' title='bbox 762 3953 805 3988; x_wconf 85' lang='lat' dir='ltr'><strong>soa</strong></span> <span class='ocrx_word' id='word_1_321' title='bbox 825 3939 960 4002; x_wconf 84' lang='lat' dir='ltr'><strong>optimates</strong></span> <span class='ocrx_word' id='word_1_322' title='bbox 984 3937 1106 3998; x_wconf 86' lang='lat' dir='ltr'><strong>concitat,</strong></span> <span class='ocrx_word' id='word_1_323' title='bbox 1124 3938 1197 4002; x_wconf 83' lang='lat' dir='ltr'><strong>quasi</strong></span> <span class='ocrx_word' id='word_1_324' title='bbox 1212 3935 1288 4000; x_wconf 79' lang='lat' dir='ltr'><strong>Agri·</strong></span> 
     </span>
     <span class='ocr_line' id='line_1_39' title="bbox 199 4010 1288 4079; baseline -0.001 -19"><span class='ocrx_word' id='word_1_325' title='bbox 199 4019 251 4062; x_wconf 89' lang='lat' dir='ltr'><strong>tem</strong></span> <span class='ocrx_word' id='word_1_326' title='bbox 264 4015 310 4063; x_wconf 85' lang='lat' dir='ltr'><strong>alit</strong></span> <span class='ocrx_word' id='word_1_327' title='bbox 322 4028 367 4077; x_wconf 88' lang='lat' dir='ltr'><strong>pro</strong></span> <span class='ocrx_word' id='word_1_328' title='bbox 379 4027 433 4064; x_wconf 86' lang='lat' dir='ltr'><strong>suo.</strong></span> <span class='ocrx_word' id='word_1_329' title='bbox 763 4020 867 4079; x_wconf 85' lang='lat' dir='ltr'><strong>gentum</strong></span> <span class='ocrx_word' id='word_1_330' title='bbox 888 4011 1003 4062; x_wconf 83' lang='lat' dir='ltr'><strong>hortibus</strong></span> <span class='ocrx_word' id='word_1_331' title='bbox 1025 4010 1216 4074; x_wconf 82' lang='lat' dir='ltr'><strong>prodidissent:</strong></span> <span class='ocrx_word' id='word_1_332' title='bbox 1240 4011 1288 4060; x_wconf 73' lang='lat' dir='ltr'><strong>rio·</strong></span> 
     </span>
     <span class='ocr_line' id='line_1_40' title="bbox 231 4087 1289 4156; baseline -0.004 -16"><span class='ocrx_word' id='word_1_333' title='bbox 231 4097 247 4122; x_wconf 66' lang='lat' dir='ltr'><strong>e</strong></span> <span class='ocrx_word' id='word_1_334' title='bbox 265 4093 402 4141; x_wconf 66' lang='lat' dir='ltr'><strong>Fracte-utar</strong></span> <span class='ocrx_word' id='word_1_335' title='bbox 410 4091 456 4156; x_wconf 82' lang='lat' dir='ltr'><strong>eet]</strong></span> <span class='ocrx_word' id='word_1_336' title='bbox 473 4090 526 4140; x_wconf 89' lang='lat' dir='ltr'><strong>Ubi</strong></span> <span class='ocrx_word' id='word_1_337' title='bbox 534 4091 600 4140; x_wconf 91' lang='lat' dir='ltr'><strong>enim</strong></span> <span class='ocrx_word' id='word_1_338' title='bbox 610 4090 725 4141; x_wconf 89' lang='lat' dir='ltr'><strong>adolevit</strong></span> <span class='ocrx_word' id='word_1_339' title='bbox 763 4105 814 4155; x_wconf 86' lang='lat' dir='ltr'><strong>qne</strong></span> <span class='ocrx_word' id='word_1_340' title='bbox 836 4093 962 4151; x_wconf 87' lang='lat' dir='ltr'><strong>occupata</strong></span> <span class='ocrx_word' id='word_1_341' title='bbox 978 4087 1115 4150; x_wconf 84' lang='lat' dir='ltr'><strong>tyrannide</strong></span> <span class='ocrx_word' id='word_1_342' title='bbox 1135 4087 1289 4152; x_wconf 81' lang='lat' dir='ltr'><strong>paulopost</strong></span> 
     </span>
     <span class='ocr_line' id='line_1_41' title="bbox 202 4162 1230 4231; baseline 0.001 -17"><span class='ocrx_word' id='word_1_343' title='bbox 202 4165 293 4228; x_wconf 84' lang='lat' dir='ltr'><strong>Cyrus,</strong></span> <span class='ocrx_word' id='word_1_344' title='bbox 314 4181 329 4215; x_wconf 88' lang='lat' dir='ltr'><strong>a</strong></span> <span class='ocrx_word' id='word_1_345' title='bbox 347 4169 435 4216; x_wconf 81' lang='lat' dir='ltr'><strong>Persis</strong></span> <span class='ocrx_word' id='word_1_346' title='bbox 455 4167 556 4231; x_wconf 85' lang='lat' dir='ltr'><strong>agnitos</strong></span> <span class='ocrx_word' id='word_1_347' title='bbox 582 4167 724 4231; x_wconf 81' lang='lat' dir='ltr'><strong>Astyagem</strong></span> <span class='ocrx_word' id='word_1_348' title='bbox 766 4164 988 4228; x_wconf 80' lang='lat' dir='ltr'><strong>Carthaginienses</strong></span> <span class='ocrx_word' id='word_1_349' title='bbox 1000 4177 1014 4212; x_wconf 88' lang='lat' dir='ltr'><strong>e</strong></span> <span class='ocrx_word' id='word_1_350' title='bbox 1025 4162 1111 4213; x_wconf 82' lang='lat' dir='ltr'><strong>Sicilia</strong></span> <span class='ocrx_word' id='word_1_351' title='bbox 1122 4163 1230 4228; x_wconf 83' lang='lat' dir='ltr'><strong>expulit.</strong></span> 
     </span>
     <span class='ocr_line' id='line_1_42' title="bbox 202 4240 727 4307; baseline -0.006 -15"><span class='ocrx_word' id='word_1_352' title='bbox 202 4241 271 4292; x_wconf 89' lang='lat' dir='ltr'><strong>bello</strong></span> <span class='ocrx_word' id='word_1_353' title='bbox 282 4242 365 4306; x_wconf 89' lang='lat' dir='ltr'><strong>petiit,</strong></span> <span class='ocrx_word' id='word_1_354' title='bbox 377 4244 498 4307; x_wconf 89' lang='lat' dir='ltr'><strong>illumque</strong></span> <span class='ocrx_word' id='word_1_355' title='bbox 515 4242 632 4306; x_wconf 86' lang='lat' dir='ltr'><strong>Harpagi</strong></span> <span class='ocrx_word' id='word_1_356' title='bbox 650 4240 727 4306; x_wconf 85' lang='lat' dir='ltr'><strong>perli-</strong></span> 
     </span>
    </p>
   </div>
   <div class='ocr_carea' id='block_1_9' title="bbox 0 0 1629 5162">
    <p class='ocr_par' dir='ltr' id='par_1_10' title="bbox 0 0 1629 5162">
     <span class='ocr_line' id='line_1_43' title="bbox 0 0 1629 5162; baseline 0 0"><span class='ocrx_word' id='word_1_357' title='bbox 0 0 1629 5162; x_wconf 95' lang='lat' dir='ltr'><strong> </strong></span> 
     </span>
    </p>
   </div>
  </div>
 </body>
</html>
