3210 5158
494 444 574 491 cnr.
591 441 639 487 rv.
665 443 713 490 ue
736 444 997 495 rrurnrersrn.
1222 429 1287 496 457

202 607 243 652 ne
259 587 301 652 ad
314 587 529 669 exequiarum
554 584 687 667 quidem
709 585 892 668 impensam
916 588 1102 653 sufficiente
1121 589 1286 654 decessit:

203 689 343 772 ideoque
358 688 492 771 publica
506 688 667 768 pecunia⁰
688 687 800 750 ductae
816 689 917 752 sunt.⁸
963 691 1044 754 Non
1067 691 1184 754 attinet
1205 693 1305 774 ulte-¹

202 791 287 852 riore
303 789 525 872 disputatione
540 787 622 878 tanti
646 787 708 850 viri
730 794 957 869 paupertatem
973 791 1133 855 scrutari:
1156 792 1287 856 abunde

203 890 290 954 enim
305 897 409 973 patet,
432 888 512 973 quid
528 889 626 951 vivus
642 888 840 970 possederit,
865 891 920 958 cui
934 899 1061 964 mortuo
1076 893 1180 956 lectus
1194 893 1289 956 fune-

203 991 285 1068 bris,
301 997 335 1054 et
348 1009 447 1072 rogus
461 979 594 1054 defuit*

243 1093 277 1156 2.
300 1089 446 1169 Quautae
476 1090 702 1173 amplitudinis
730 1089 915 1172 Agrippam
940 1090 1155 1157 Meneniumd
1184 1093 1289 1159 fuisse

202 1193 409 1269 arbitremur,
425 1211 527 1274 quem
542 1197 677 1259 senatus
691 1198 726 1254 et
741 1191 837 1273 plebs
853 1192 949 1273 pacis
964 1192 1049 1258 inter
1062 1213 1099 1257 se
1112 1194 1290 1259 faciendae·

203 1298 371 1358 auctorem
400 1295 526 1374 legitt⁹
570 1292 715 1369 Quantae
738 1292 867 1356 scilicet
895 1312 972 1356 esse
993 1294 1107 1358 debuit
1117 1303 1143 1332 ¹⁰
1165 1297 1290 1360 arbiter

204 1395 351 1477 publicae
368 1394 499 1458 salutis.
543 1393 614 1456 Hic
628 1394 692 1456 nisi
708 1412 728 1456 a
743 1392 872 1474 populo
888 1393 1021 1457 collatis
1035 1396 1071 1457 in
1085 1397 1197 1478 capita
1212 1415 1289 1464 sex-

203 1492 371 1560 tantibusf
388 1493 555 1558 funeratus
571 1496 685 1568 esset,g
704 1494 752 1557 ita
773 1495 924 1576 pecuniae
949 1489 1048 1577 inops
1072 1496 1229 1578 decessit,
1251 1506 1291 1562 ut

204 1596 385 1678 sepulturae
401 1595 522 1665 honore
538 1595 711 1659 caruisset.
752 1595 879 1659 Verum
893 1597 1015 1659 idcirco
1029 1598 1217 1678 perniciosa
1239 1619 1292 1663 se-

205 1691 328 1759 ditione
341 1695 478 1760 dividua
492 1697 615 1760 civitas
635 1697 787 1760 manibus
802 1694 962 1779 Agrippae
978 1697 1013 1759 in
1024 1715 1127 1760 unum
1142 1699 1291 1762 contrahi

203 1797 322 1876 voluit,
339 1798 417 1880 quia
432 1817 489 1862 eas
501 1818 668 1881 pauperes
684 1797 828 1880 quidem,
853 1795 913 1862 sed
933 1805 1069 1862 sanctas
1084 1797 1289 1862 animadver-

204 1905 313 1963 terat·
356 1898 460 1982 Cujus
484 1908 521 1964 ut
544 1901 736 1982 superstitis
752 1900 878 1964 nullum
899 1899 973 1977 fuit,
998 1899 1090 1982 quod
1104 1899 1139 1962 in
1154 1917 1291 1966 censum

237 2139 247 2163 a
263 2131 353 2181 Idcirco
369 2132 455 2181 eior’tos
473 2133 603 2196 pernicioso
620 2134 734 2184 seditione
752 2134 828 2183 diuiso
843 2135 918 2183 ooiuit
931 2134 957 2184 iu
971 2134 1120 2184 concordium
1135 2136 1215 2188 reduci
1229 2136 1292 2186 iliius

204 2208 282 2258 opero,
298 2211 365 2260 quem
379 2212 504 2260 pauperem
513 2199 613 2262 quidem,
628 2201 669 2248 sed
678 2199 941 2262 oiruruiutegcrrimum
951 2206 1099 2262 cognoceret.

662 2373 836 2396 ”utmm

205 2503 241 2554 sie
252 2505 367 2554 nonnulli
378 2505 556 2568 Pighisni.-8
571 2505 668 2569 Ultrsj.
680 2511 704 2556 l.
719 2508 823 2556 deducte
832 2510 946 2555 suat.—9
964 2505 1049 2555 Antea
1069 2504 1194 2556 edebatur
1211 2508 1294 2570 elegit,

206 2570 272 2632 quod
282 2570 308 2617 in
320 2571 418 2632 aliquot
429 2578 469 2618 est
479 2570 556 2618 codd.
573 2570 647 2632 Meg.
659 2577 745 2619 temen
756 2572 823 2632 legit.
857 2571 914 2620 Duo
925 2571 1003 2620 etiam
1015 2568 1089 2620 codd.
1099 2571 1205 2620 Torreu.
1216 2573 1294 2634 poulo

206 2636 275 2693 ente,
285 2633 502 2681 arbitramus-lo
519 2633 562 2680 Sic
571 2633 710 2682 Torrenius
721 2636 747 2683 in
758 2635 874 2684 omnibus
884 2636 949 2686 Mus.
959 2635 1069 2700 (praeter
1083 2635 1152 2686 Ultr.
1165 2637 1239 2700 prim.
1251 2637 1295 2698 qui

205 2696 284 2745 hebet
303 2697 410 2750 Questus
428 2696 517 2745 scilim
535 2709 584 2744 esre
602 2697 705 2762 debuit)
723 2706 751 2748 et
769 2699 923 2749 editionibus
941 2701 1048 2764 reperit,
1071 2706 1099 2748 et
1121 2715 1167 2763 pro
1190 2701 1294 2762 uulgato

696 2874 802 2923 NOTAE

238 3025 249 3052 ⁸
265 3018 366 3068 Pultico
375 3017 484 3082 pecunie]
499 3018 532 3068 In
542 3017 641 3067 Valerii
651 3017 729 3066 bono·
772 3017 844 3067 sione
854 3017 996 3068 debitorum
1009 3019 1118 3068 Senatus
1135 3034 1189 3070 non
1209 3024 1294 3073 stetis-

206 3107 261 3142 rem
271 3094 322 3143 tris
332 3095 464 3157 praecipne
476 3093 585 3142 Senatus
596 3093 727 3142 decrevit:
772 3100 821 3156 set,
836 3094 862 3142 in
881 3101 992 3144 montem
1009 3095 1144 3159 quendam,
1163 3097 1207 3166 qui
1222 3113 1293 3148 mons

207 3181 293 3232 uuum,
313 3176 343 3218 ut
363 3169 461 3218 funeris
484 3169 601 3234 exequiae
620 3169 730 3232 publicis
771 3182 844 3217 secer
860 3167 1014 3218 indedictus
1033 3177 1082 3232 est,
1099 3173 1295 3236 propterAuie·

206 3242 333 3292 sumtibus
347 3244 556 3306 celebrareutrrr;
573 3245 691 3305 alterum,
702 3250 731 3293 ut
771 3258 828 3292 uem
843 3244 965 3294 secessit:
982 3245 1051 3294 missi
1070 3248 1114 3310 qui
1133 3262 1188 3296 eam
1209 3251 1294 3314 placa·

206 3318 276 3368 iutra
297 3320 387 3371 urbem
410 3320 443 3370 ad
465 3321 568 3370 Veliam
589 3321 730 3384 sepulturae
771 3324 830 3368 rent
847 3320 876 3369 Τ.
888 3319 995 3382 Largius
1014 3320 1111 3383 primus
1128 3323 1251 3372 Dictator
1267 3331 1296 3375 et

206 3397 278 3448 locus
290 3407 504 3462 praetermorem,
517 3405 545 3447 et
556 3398 605 3460 ipsi
617 3396 732 3458 daretur,
772 3394 909 3444 Menenius
929 3393 1064 3459 Agrippam
1088 3397 1160 3460 cujus
1180 3399 1296 3450 oratioue

207 3479 234 3522 et
245 3474 312 3522 illius
324 3475 451 3538 posteris:
468 3474 582 3532 tertium,
599 3479 628 3522 ut
639 3477 732 3521 metro·
773 3469 879 3519 delinita
898 3469 971 3533 plebs
988 3470 1016 3518 in
1035 3471 1124 3520 urbem
1141 3473 1243 3536 quidem
1254 3488 1294 3524 re-

207 3563 258 3612 use,
271 3564 333 3598 suro
340 3564 504 3613 purpuraque
516 3548 651 3611 depositis,
662 3547 733 3596 illum
772 3545 837 3606 diit3
854 3545 900 3595 sed
919 3560 950 3595 ea
967 3546 1035 3608 lege,
1055 3555 1084 3596 ut
1104 3548 1228 3600 Tribunos
1251 3550 1294 3599 lra-

207 3639 256 3688 per
273 3639 366 3674 annum
383 3626 503 3688 lugerent
519 3623 657 3686 integrum.
691 3621 733 3671 Ita
773 3621 857 3672 beret.

208 3699 315 3764 Dionys.
326 3706 354 3749 et
364 3700 436 3749 Plut.
805 3697 1000 3762 fSeuctuutidus]
1026 3699 1136 3752 Sextans
1158 3707 1198 3749 est
1220 3710 1296 3754 sexte

239 3774 254 3803 '¹
271 3776 366 3826 Aaou.
379 3779 453 3824 3652.
476 3775 603 3827 olous.
628 3773 730 3824 oruc
771 3791 830 3840 pars
842 3777 913 3838 susis,
930 3791 976 3838 seu
987 3776 1069 3825 librar.

207 3857 265 3904 2⁵1.
288 3853 350 3902 Ant.
360 3853 407 3902 Cb.
419 3857 477 3901 ool.
804 3859 817 3894 t
834 3849 1050 3912 Framrotussoer]
1066 3850 1181 3912 Populus
1194 3851 1295 3915 quidem

238 3927 399 3992 dAgrippum
421 3927 569 3990 Menenium]
594 3929 730 3989 Lanatum,
772 3927 805 3976 ed
816 3927 937 3991 exequias
948 3927 1083 3990 pecuniam
1098 3926 1222 3988 dederst3
1238 3943 1296 3978 eum

207 4006 252 4068 qui
272 4005 368 4055 Consul
388 4003 420 4053 de
442 4002 570 4053 Auruncis
590 4003 730 4064 triumpha·
771 4016 833 4049 vero
844 4016 876 4049 ex
887 4001 978 4050 aersrio
991 4001 1093 4064 publico
1103 4002 1206 4064 sepeliri
1217 4003 1297 4054 Seue.

209 4084 258 4129 rat.
671 4077 674 4086 '
771 4080 813 4124 tus
835 4074 966 4138 Jussisset,
997 4076 1065 4140 quod
1097 4085 1198 4127 mortuo
1226 4080 1296 4142 patri

209 4187 212 4194 .
241 4156 341 4205 epact,
361 4156 424 4207 inser
444 4171 469 4206 se
493 4152 624 4218 faciende]
651 4154 730 4204 Plebs
771 4150 844 4215 plebs
866 4150 1018 4215 destinarat,
1039 4151 1103 4202 vivis
1125 4153 1211 4205 liberis
1231 4157 1293 4206 elar-

209 4225 316 4292 offensa,
343 4235 410 4296 quod
432 4233 563 4299 promissis
590 4231 623 4290 de
645 4231 732 4282 remis·
772 4229 886 4292 gitasst.
