3210 5158
401 409 481 458 car.
498 409 548 462 rr.
572 409 622 462 ns
645 409 776 460 anons
799 413 1022 464 carrucam.
1204 405 1268 474 471

182 565 240 614 sus
258 565 307 624 es,
332 567 445 630 enque,
466 568 508 614 ne
530 549 567 612 iu
589 550 835 631 extinguereris,
858 553 1046 621 voluntario
1070 558 1163 624 obitu
1192 580 1268 626 oon·

183 657 305 728 sumta,
324 651 433 716 lucam
452 651 572 716 intueri
595 652 747 733 potuisti.
792 653 837 716 Et
861 662 952 723 coria
976 659 1071 740 prins
1094 671 1267 742 parantum

181 751 418 832 indulgentiam
455 756 659 830 tentaveras,
698 752 854 818 foemueo
880 759 993 824 animo
1020 760 1129 842 impar
1155 763 1268 834 uvan-

183 859 281 916 msss
294 863 310 892 0

223 953 255 1016 2.
279 951 391 1016 Vilior
406 952 559 1020 Graccho
572 952 697 1037 iniquae
711 953 853 1022 fortunae
871 957 1018 1038 victima,
1041 942 1193 1043 quamvis
1217 983 1268 1030 sa·

183 1053 305 1123 natorii
320 1055 369 1120 vir
383 1053 508 1118 ordinis
524 1053 563 1119 G.
580 1053 756 1118 Plautius8
781 1055 932 1120 Numida
945 1058 977 1136 ,a
987 1059 1000 1094 ‘¹
1023 1059 1082 1122 sad
1101 1063 1135 1124 in
1157 1065 1269 1137 consi·-

181 1154 252 1218 mili
266 1173 378 1218 amore
392 1173 454 1236 par
469 1154 670 1236 exemplum.
716 1155 749 1218 M
755 1160 826 1218 orte
840 1157 925 1220 enirn
941 1159 1054 1222 uxoris
1069 1161 1195 1238 audita,
1210 1163 1270 1228 do·

181 1256 262 1320 loris
276 1256 455 1338 impotens,
482 1263 598 1338 pectus
618 1275 714 1320 suum
728 1257 841 1337 gladio
858 1260 1033 1340 percussit.
1079 1261 1271 1330 Intervantu

181 1357 322 1425 deinde⁹
344 1357 598 1422 domesticorum
620 1357 789 1438 inceptum
814 1358 936 1440 exequi
965 1361 1160 1442 prohibitus,
1174 1367 1271 1430 colli-

181 1467 356 1540 gatusque,
372 1463 409 1520 ut
423 1456 565 1538 primurn
588 1458 726 1520 occasio
748 1456 828 1532 data
851 1467 914 1534 est,
940 1461 1057 1524 scissis
1080 1463 1210 1544 fasciis,
1236 1479 1272 1540 et

180 1561 311 1626 vulnere
326 1556 469 1634 divulso,
491 1555 658 1620 constanti
672 1554 817 1634 datura,
843 1559 997 1640 spiritum
1015 1561 1123 1628 luctus
1143 1569 1270 1633 acarini-

180 1665 247 1728 tute
263 1658 464 1742 permixtum
489 1675 533 1722 ex
554 1656 640 1738 ipsis
653 1657 900 1740 praecordiis'et
913 1661 1099 1726 visceribus
1120 1665 1271 1732 hausitr⁴

182 1769 252 1831 tant
266 1762 415 1828 violenta
428 1765 533 1824 morte
544 1764 697 1836 testatos,
705 1768 866 1842 qnantum
880 1762 1042 1828 maritalis
1053 1762 1196 1832 flammae
1207 1768 1268 1844 'illo

180 1869 317 1947 pectore
329 1863 480 1927 clausurn
494 1859 676 1926 habuisset.

222 1968 257 2030 3.
280 1965 437 2048 Ejusdem
454 1970 491 2028 ut
504 1962 659 2038 nominis,
681 1961 862 2026 itanmoris
877 1981 1009 2046 quoquc
1025 1963 1073 2028 M.
1090 1965 1268 2034 Plautius:

183 2067 274 2133 Nam
300 2086 376 2130 cum
401 2065 544 2146 imperio
565 2067 702 2130 senatus
732 2062 877 2126 classem
903 2065 1069 2130 sociorum
1095 2069 1267 2151 sexaginta

181 2170 353 2236 navinm¹0
375 2168 409 2230 in
425 2165 544 2232 Asiam
556 2163 736 2242 reduceret,
745 2165 992 2260 Tarentumque
1004 2167 1202 2249 appulisset,
1218 2181 1269 2234 at-

182 2289 248 2352 que
262 2271 310 2334 ibi
325 2288 410 2332 uxor
424 2267 499 2351 ejus
513 2267 683 2344 Orestilla,
698 2287 774 2350 quae
795 2267 877 2330 illuc
902 2286 978 2330 eurn
1001 2277 1181 2350 prosecuta
1201 2270 1271 2336 suc-
1364 2347 1367 2356 ,

180 2377 244 2448 rat,
260 2371 376 2434 morbo
388 2387 508 2453 pressa
523 2368 735 2445 decessisset,
756 2367 908 2432 funerata
923 2387 974 2445 ea,
990 2377 1090 2450 atque
1103 2371 1138 2432 in
1152 2391 1268 2454 rogum

216 2609 226 2634 ⁰
242 2603 276 2650 Et
287 2605 448 2649 cariciacum
460 2613 519 2648 esser
530 2600 607 2648 anima
617 2599 773 2662 imbecilliori,
790 2615 858 2662 qaam
869 2605 992 2662 uxortua,
1005 2601 1073 2662 priris
1087 2603 1191 2664 petierat
1199 2617 1217 2652 a
1230 2618 1272 2666 pa·

182 2665 297 2724 rentibus,
313 2679 367 2712 nam
377 2679 420 2725 pra
431 2669 453 2712 le
464 2663 524 2711 inari
535 2665 625 2712 vedent.

215 2725 228 2758 ‘¹
246 2729 274 2775 C.
285 2727 404 2787 Plautiae,
414 2727 518 2789 quomod
529 2728 639 2788 Senator,
649 2725 703 2785 fait
713 2727 782 2774 vilior
793 2727 900 2776 Graccho
909 2728 1013 2788 victima,
1022 2743 1091 2789 qaam
1101 2731 1201 2778 adversa
1214 2730 1269 2790 far·

181 2795 240 2838 tarra
250 2791 280 2838 ad
290 2795 387 2838 moriem
396 2791 499 2852 impulit

214 2853 282 2902 ‘Ea
300 2855 355 2904 imin
372 2853 499 2904 narrabas
516 2853 632 2902 cantanti
651 2867 722 2901 marra
740 2853 764 2900 oi
782 2854 890 2902 extruxit
911 2853 1016 2902 animam
1037 2853 1117 2904 acerba
1135 2858 1214 2908 delon
1231 2875 1271 2924 ap·

180 2931 295 2980 premar.

641 3025 817 3048 W

175 3162 258 3222 sacti:
273 3162 334 3211 Vet.
345 3163 399 3210 dari
408 3161 478 3222 saii,·
497 3160 573 3210 Aldd.
586 3161 695 3212 Arcena.
706 3163 756 3210 &a
766 3160 816 3210 diri
824 3159 931 3220 sati-i
949 3160 980 3208 ln
999 3165 1058 3210 octa
1078 3159 1155 3210 codd.
1173 3161 1272 3212 etVei.

183 3233 211 3275 et
227 3227 298 3288 Mog.
318 3227 420 3288 desunt,
432 3227 542 3284 samineo
560 3227 638 3278 anima
655 3227 733 3289 impar
749 3225 864 3274 macas.
897 3225 956 3274 Vet.
975 3225 1053 3273 etiam
1074 3239 1121 3286 pro
1135 3230 1273 3274 'icataoernr

182 3289 497 3354 habettempernocras.-8
515 3291 585 3340 Leid.
597 3295 621 3338 6.
637 3291 684 3338 Gn.
697 3290 826 3348 Plautian
841 3289 937 3351 Ultrnj.
947 3293 972 3338 8.
992 3289 1022 3343 Q.
1034 3290 1159 3347 Plautina,-
1177 3290 1272 3352 caper.
1356 3328 1358 3332 .

185 3353 213 3402 C.
226 3355 397 3404 Porcia-o
412 3355 504 3417 Ultraj.
526 3359 548 3404 l.
565 3355 636 3403 delet
653 3354 744 3403 deinde.
778 3355 870 3416 Copcs.
887 3367 938 3400 cam
953 3353 1058 3415 pomam
1077 3353 1183 3412 acmio3
1199 3355 1274 3402 multi

183 3416 261 3465 codd.
279 3421 437 3480 permixtum
453 3418 547 3482 Ultraj.
563 3423 587 3468 2.
605 3419 718 3466 mixtum:
735 3419 797 3466 Vel.
816 3417 944 3468 sacedon
963 3417 1078 3466 exhausit.
1110 3418 1193 3466 Panlo
1214 3425 1273 3479 post

183 3480 258 3529 Laid.
269 3485 293 3530 6.
304 3483 330 3530 ia
340 3485 379 3531 illa
389 3487 553 3545 pectora—10
571 3483 664 3544 copes.
681 3483 838 3544 qandugiata
854 3480 963 3537 naviamr
980 3489 1007 3529 et
1026 3482 1102 3544 paolo
1120 3486 1180 3544 post
1194 3481 1273 3530 mario
1363 3487 1369 3496 ⁴

183 3557 300 3608 oppressa,
318 3554 347 3595 et
357 3553 379 3595 et
390 3562 446 3609 rago
454 3548 547 3610 paida,
563 3547 637 3596 Harl.
649 3554 678 3595 et
688 3546 762 3595 Laid.
772 3550 797 3596 6.
807 3546 833 3594 ia
843 3559 899 3608 rago
908 3545 1000 3608 posita·
1017 3546 1090 3594 Laid.
1102 3550 1126 3595 l.
1145 3545 1171 3593 ia
1187 3559 1272 3606 ragam

679 3713 783 3763 NOTAE

216 3842 232 3872 ⁸
249 3840 300 3892 An.
311 3842 350 3890 Μ.
361 3845 435 3890 6669.
464 3841 507 3892 01.
524 3846 615 3892 1621.
642 3842 707 3893 Urb.
749 3838 1139 3906 vani,Narnid2,etLrterani.

184 3919 284 3970 (ml.
312 3917 376 3966 Ant.
388 3919 435 3966 cn.
447 3923 505 3967 171:
781 3915 977 3977 ⁰M.Plaatiaa]
994 3916 1132 3978 Hypseos,
1149 3913 1272 3978 illeipac,

215 3993 229 4028 d
246 3995 277 4044 c.
288 3993 398 4044 Plautia
410 3985 526 4055 Nasica]
537 3993 645 4042 Plebeia
655 3993 708 4056 qni·
747 3993 775 4042 ni
785 3991 871 4055 fallor,
888 3991 931 4056 qai
943 3992 1037 4040 Consul
1049 4005 1114 4040 anno
1125 3991 1205 4040 Urbis
1216 3995 1273 4042 628.

186 4069 255 4129 deur,
270 4077 298 4120 at
314 4071 407 4120 nobilia
419 4071 577 4120 Plandorum
593 4084 666 4134 gana,
679 4071 708 4120 in
749 4069 873 4120 Orestilla
893 4082 955 4118 vero
975 4065 1028 4116 falia
1048 4065 1099 4116 fait
1124 4067 1154 4117 L.
1174 4065 1274 4116 Aurelii

186 4143 280 4192 multas
290 4145 372 4196 divisa
381 4144 503 4206 familias;
521 4160 627 4210 qnorum
644 4159 709 4209 pra·
749 4145 863 4206 mesta,
874 4144 917 4209 qui
928 4144 1116 4206 namproxinro
1125 4149 1185 4194 ante
1197 4145 1273 4194 Plan·

187 4217 271 4280 cipuae
281 4217 395 4286 inerunt,
406 4222 519 4286 Proculi,
527 4221 646 4289 Hypaaei,
653 4223 709 4285 Syl·
750 4221 813 4274 tion
824 4221 919 4271 Conanl
927 4218 1022 4270 inerat.
