3386 5262
515 637 701 684 artusinus
728 637 772 682 un
800 635 980 695 uenturis.
1247 626 1292 690 85

195 783 298 841 patrum
310 778 420 838 trastulit,
437 793 495 842 qute
506 778 539 828 ab
551 779 663 828 Octavio
674 779 720 830 lu·
762 784 852 840 gestus
882 784 940 827 erat
962 793 1014 828 uon
1037 769 1113 828 ierba
1136 780 1293 844 exprimens,

196 853 238 903 bae
261 853 358 916 juniori
383 853 547 902 Mauritaniae
573 854 637 916 Regi
658 868 723 902 trxor
762 851 807 900 sed
829 866 888 900 cum
907 854 1043 903 sententiis
1061 869 1221 916 congruens:
1239 872 1293 906 ma-

196 929 259 996 data
280 934 328 978 est.
371 928 440 980 Quid
461 928 494 977 de
522 929 670 978 Alexandro
695 938 721 978 et
762 942 820 988 uus,
830 929 939 988 humeri,
958 929 1051 988 latera,
1064 929 1195 992 supplosio
1207 932 1293 993 pedis,

195 1002 339 1053 Ptolemaeo
357 1011 418 1066 post
439 1003 547 1053 Octavii
566 1005 722 1067 triumphum
763 1003 1291 1069 status,incessus,ornuisqnemotuscuru

194 1077 291 1128 factum
303 1079 345 1141 sit,
356 1079 493 1130 obsmtrum
505 1084 554 1128 est.
763 1079 848 1128 verbis
859 1079 1043 1144 sententiisque
1053 1081 1230 1130 consentiens:
1243 1098 1292 1132 vox

228 1167 267 1202 tv.
281 1154 320 1202 M.
336 1153 420 1204 Julius
433 1154 572 1218 Antonius,
582 1153 721 1204 Triumviri
764 1168 927 1217 permanens,
940 1171 1028 1206 verum
1045 1156 1172 1206 subrauca
1185 1164 1291 1208 natura:

194 1234 221 1277 et
233 1228 331 1278 Fulvia
343 1227 420 1286 filius.
431 1229 464 1278 ab
475 1227 595 1292 Augusto
607 1244 656 1278 nou
671 1231 723 1278 vita
762 1230 808 1279 aad
828 1231 878 1279 boc
897 1231 984 1280 vitium
1006 1231 1064 1280 huic
1087 1232 1131 1280 runi
1151 1232 1177 1280 iu
1198 1233 1292 1282 bonum

192 1304 285 1365 solum,
307 1309 335 1352 at
354 1303 485 1368 libertate,
504 1304 551 1354 aed
576 1303 722 1354 sacerdotio
763 1306 950 1365 convertebam
978 1305 1091 1356 babebat
1114 1307 1183 1356 euim
1206 1306 1292 1358 debile

193 1379 281 1440 etlam,
297 1381 430 1444 Praetura,
447 1388 475 1431 et
494 1383 636 1432 Consulatu
655 1397 722 1431 auno
763 1381 885 1445 quiddam
897 1382 923 1429 iu
940 1383 1135 1446 quaestiouibus,
1151 1389 1291 1447 epirumque
1310 1395 1313 1402 ’

192 1459 251 1506 loll.
278 1455 403 1517 donatus3
430 1455 535 1506 admissi
562 1472 619 1507 cum
650 1457 723 1508 dulia
763 1469 820 1506 cum
833 1457 864 1505 ad
875 1455 953 1505 fidem
965 1455 1118 1519 faciendam,
1131 1464 1185 1506 tum
1197 1458 1230 1507 ad
1245 1459 1291 1508 rni-

193 1528 313 1580 adulterii
321 1545 409 1593 poeuas
419 1531 564 1581 voluntaria
573 1533 723 1593 tuorteluit;
763 1532 928 1582 sericordium
939 1531 1169 1582 commovendam.¹

192 1617 252 1654 cum
259 1605 316 1667 jam
327 1620 361 1654 ex
374 1607 500 1657 Marcella
517 1608 626 1670 Augusti
644 1613 722 1671 nepte
796 1598 837 1658 De
848 1608 961 1658 Antonio
970 1609 1114 1658 Triumviro
1123 1609 1292 1659 bacPlutar·

193 1683 350 1745 suscepisset
360 1683 390 1732 1..
406 1683 504 1734 tultum
516 1682 667 1745 Antonium,
678 1684 723 1748 qni
762 1682 825 1732 ebus
844 1683 870 1731 iu
889 1680 1020 1732 Antonio:
1044 1683 1160 1732 ‘Forma
1175 1683 1201 1731 ei
1221 1683 1294 1747 iuge·

194 1758 274 1818 paulo
301 1764 361 1820 post
387 1759 420 1808 ab
441 1758 558 1820 Angusto
580 1759 722 1809 studiorum
763 1757 1293 1821 nus,(rigniacensempronissimus-

194 1843 280 1888 causa,
297 1838 326 1881 ut
343 1839 397 1882 tum
413 1831 555 1896 terebatur,
572 1834 618 1883 sed
638 1835 723 1898 reipsa
763 1835 848 1898 tisque
866 1833 1018 1898 amplitudo,
1037 1841 1065 1883 at
1082 1849 1157 1883 nasus
1176 1832 1292 1884 aduncus

193 1905 336 1957 inexilium
353 1910 443 1959 missus
460 1915 501 1960 est
516 1909 668 1973 Massiliam,
679 1911 722 1960 ubi
762 1909 856 1959 faciem
868 1911 965 1960 virilem
979 1916 1167 1974 repraesentare
1178 1910 1254 1974 pictis
1265 1917 1293 1960 et

193 1984 354 2035 sub'l'iberio
365 1991 498 2036 anuollti.
509 1987 653 2051 interlucet
663 2003 723 2038 cum
763 1987 872 2050 sculptis
890 1987 1010 2036 Hercdlis
1030 1987 1172 2036 simulacris
1194 2001 1293 2050 germa-

192 2073 224 2108 eo
237 2067 294 2110 tota
304 2060 477 2114 Antoniorum
487 2063 594 2114 familia.
764 2075 823 2110 uam
836 2059 980 2112 ridebatur.
1007 2063 1149 2123 Jactautia,
1159 2062 1292 2122 dicacitas,

225 2135 264 2183 M.
274 2135 381 2185 Antonii
392 2138 512 2188 Oratoris
521 2140 662 2202 ingenium,
671 2139 722 2188 elo·
764 2137 923 2198 perpotatio,
943 2138 968 2186 in
992 2137 1095 2200 publico
1115 2137 1205 2184 redere
1226 2136 1293 2184 inter

192 2210 334 2274 quantiam,
350 2211 454 2261 dicendi
472 2227 551 2274 genus
569 2215 608 2261 M.
628 2213 723 2261 'rullius
764 2209 930 2268 vescendum,
951 2215 978 2258 et
997 2210 1082 2258 cibum
1101 2223 1201 2258 sumere
1219 2211 1293 2258 assis-

193 2284 220 2333 iu
232 2285 330 2346 Bruto;
347 2285 386 2334 Μ.
398 2299 460 2333 vero
470 2285 576 2334 Antonii
586 2287 722 2334 'l'riumviri
765 2289 863 2331 tentem
873 2297 907 2330 cx
919 2283 1025 2331 militari
1035 2296 1125 2331 mensa
1141 2283 1293 2336 incredibile

192 2359 302 2410 sormam
314 2367 342 2409 et
352 2373 438 2410 mores
453 2358 606 2408 Plutarchus
618 2374 723 2422 expres·
765 2355 836 2403 dictu
846 2361 968 2417 quantam
979 2356 1186 2408 benevolentiam
1198 2359 1222 2408 ei
1233 2375 1294 2410 cou-

192 2437 238 2485 sit.
272 2435 368 2484 Eorum
384 2433 464 2484 verba
480 2435 522 2483 bic
540 2435 723 2498 appingereli-
765 2432 990 2482 ciliavitmilitum.
1016 2431 1106 2482 Inerat
1115 2436 1227 2484 moribus
1239 2436 1293 2499 ejus

193 2511 261 2574 buit,
272 2511 383 2575 primam
393 2510 538 2571 Ciceronis,
555 2515 607 2560 tum
620 2511 723 2560 Plutar·
764 2509 933 2571 simplicitas:
952 2507 1046 2558 effusus
1063 2516 1122 2558 erat
1137 2509 1170 2558 ad
1188 2512 1294 2573 praemia

193 2586 245 2636 obi.
270 2586 313 2635 Ita
322 2586 418 2635 Oicero
427 2584 460 2634 de
470 2583 583 2634 Antonio
593 2584 721 2635 Oratore:
763 2595 791 2634 et
801 2584 947 2648 supplicam
964 2583 1097 2634 beneficiis
1109 2590 1205 2648 tameo,
1216 2601 1293 2650 qnam

194 2664 280 2713 ‘Erat
298 2663 423 2712 memoria
447 2676 555 2726 summa,
577 2663 650 2712 nulla
671 2678 722 2712 me·
764 2661 846 2724 poeuis
863 2659 1008 2710 excedebat
1025 2660 1143 2710 modum:
1162 2670 1294 2714 contume-

192 2739 325 2790 ditatiouis
344 2738 474 2801 suspicio;
494 2739 637 2802 imparatus
656 2753 722 2789 sem-
762 2737 796 2785 lia
807 2736 862 2800 rjus
874 2736 899 2784 iu
906 2735 973 2798 jocis
990 2741 1018 2784 et
1034 2735 1149 2784 dicteriis
1167 2735 1295 2789 afferebat

193 2831 241 2880 per
251 2814 358 2878 aggredi
371 2814 403 2863 ad
421 2813 559 2862 dicendum
575 2815 721 2865 videbatur.
762 2827 850 2862 secum
866 2813 1038 2872 medicinam
1056 2813 1079 2861 si
1098 2813 1201 2876 quidem
1219 2829 1294 2878 repo-

193 2893 224 2942 Iu
235 2892 322 2941 verbis
337 2895 365 2938 et
382 2888 505 2950 eligendis
521 2894 548 2938 et
564 2890 722 2938 collocandis
763 2903 825 2937 nere
844 2887 943 2936 licebat
961 2888 1032 2936 dicta
1052 2893 1079 2936 et
1096 2889 1227 2938 convicia:
1245 2904 1294 2940 nec

192 2968 256 3016 nihil
267 2981 317 3014 nou
330 2965 362 3014 ad
375 2965 509 3025 rationem,
520 2970 547 3013 et
558 2971 679 3030 tanquam
689 2965 721 3014 ad
762 2964 845 3012 miuus
855 2963 944 3012 lrilaris
963 2969 1030 3024 erat,
1046 2978 1105 3013 cum
1120 2964 1295 3030 derideretur,

192 3049 276 3092 artem
283 3040 421 3104 dirigebat.
438 3039 490 3088 Sed
501 3053 558 3090 cum
566 3041 621 3090 baec
631 3054 723 3101 magua
761 3054 836 3102 quam
844 3053 903 3089 curu
913 3038 1045 3089 derideret
1055 3039 1150 3092 alium!

192 3119 219 3168 in
243 3115 368 3178 Antonio,
396 3121 449 3165 tutu
477 3115 543 3164 actio
570 3115 721 3180 singularis:

524 3328 666 3405 GENS
707 3325 962 3402 AURELIA.

225 3490 301 3540 Gens
319 3487 425 3538 Aurelia
447 3481 550 3553 plebeia
567 3488 680 3552 quidem,
696 3496 724 3538 at
766 3486 877 3538 Cimbris
899 3500 981 3536 caesus
999 3487 1049 3534 est.
1082 3485 1122 3534 Ex
1140 3485 1293 3534 Orestarum

193 3565 303 3626 nobilis;
333 3565 417 3614 tribus
447 3564 641 3628 cognominibus
672 3563 722 3612 dis·
764 3562 861 3612 familia
879 3569 931 3614 tres
949 3563 974 3611 in
993 3561 1077 3611 Fastis
1101 3561 1226 3611 Consules
1248 3575 1294 3610 nu·
1376 3623 1381 3630 ι

192 3641 278 3690 tincta
298 3638 357 3703 fuit,
387 3641 533 3702 Cottarum,
560 3639 723 3702 Orestarum,
765 3635 1296 3703 merentur,quibusoumibusLuciiprae-

191 3721 222 3764 et
243 3714 403 3764 Scaurorum.
437 3714 581 3764 EScsuris
602 3729 666 3763 uuus
685 3715 723 3764 M.
764 3715 927 3766 uomeufuit.
961 3717 1112 3764 Unusauuo
1129 3717 1185 3762 596.
1217 3712 1294 3763 Alter

190 3789 316 3840 Aurelius
333 3789 445 3837 Scaurus
465 3789 632 3839 Consulatum
646 3789 723 3852 adep·
764 3792 794 3853 is,
815 3791 858 3856 qui
885 3806 951 3840 anno
979 3793 1035 3839 627.
1060 3788 1134 3837 ludos
1157 3789 1293 3838 saectrlnres

190 3875 235 3917 tus
253 3873 386 3928 estuanuo
404 3867 462 3913 645.
479 3870 507 3913 et
524 3867 602 3928 paulo
620 3870 679 3928 post
697 3865 723 3913 in
765 3874 884 3931 quartum
906 3865 1057 3916 celebravit.
1100 3864 1202 3912 Tertius
1227 3875 1294 3912 anno

190 3941 275 3993 Cassii
298 3938 419 3990 Consulis
446 3940 561 3988 exercitu
582 3940 685 4004 legatus
709 3955 725 3989 a
763 3946 820 3993 650.
832 3943 857 3992 in
870 3943 1013 3992 Consulatu
1025 3946 1148 3990 mortuus.

538 4150 744 4218 AURELII
767 4153 948 4218 OOTTAE.

227 4320 381 4371 Ominum
397 4318 497 4382 domus,
515 4333 573 4383 quae
586 4333 601 4367 a
612 4318 723 4380 Sabinis,
763 4319 796 4368 ad
810 4317 921 4368 Neronis
938 4329 1018 4380 usque
1035 4321 1163 4381 tempora,
1179 4331 1237 4366 cnm
1256 4317 1298 4366 iu·

191 4401 227 4443 ut
253 4394 350 4445 Aurelii
369 4396 462 4458 ceteri,
480 4396 616 4460 originem,
633 4396 665 4444 ab
686 4396 724 4444 ire
766 4395 833 4459 genii
846 4393 930 4454 laude,
944 4391 1206 4451 tumsummialloruit
1217 4395 1295 4442 hono-

189 4471 283 4522 Getta
302 4485 395 4522 nomen
412 4472 521 4534 invenlt,
538 4473 571 4521 ab
591 4485 657 4521 auno
669 4475 725 4519 500.
766 4469 852 4518 ribus:
873 4469 931 4518 milri
954 4467 1057 4533 quidem
1078 4471 1098 4517 si
1116 4470 1247 4531 conjicere
1265 4467 1295 4511 li·
