<?xml version="1.0" encoding="UTF-8"?>
<!DOCTYPE html PUBLIC "-//W3C//DTD XHTML 1.0 Transitional//EN"
    "http://www.w3.org/TR/xhtml1/DTD/xhtml1-transitional.dtd">
<html xmlns="http://www.w3.org/1999/xhtml" xml:lang="en" lang="en">
 <head>
  <title>
</title>
<meta http-equiv="Content-Type" content="text/html;charset=utf-8" />
  <meta name='ocr-system' content='tesseract 3.04.00' />
  <meta name='ocr-capabilities' content='ocr_page ocr_carea ocr_par ocr_line ocrx_word'/>
</head>
<body>
  <div class='ocr_page' id='page_1' title='image "./valeriimaximifa00maxigoog_0224.png"; bbox 0 0 3224 5162; ppageno 0'>
   <div class='ocr_carea' id='block_1_1' title="bbox 312 439 1096 510">
    <p class='ocr_par' dir='ltr' id='par_1_1' title="bbox 312 439 1096 510">
     <span class='ocr_line' id='line_1_1' title="bbox 312 439 1096 510; baseline -0.018 -2"><span class='ocrx_word' id='word_1_1' title='bbox 312 439 379 510; x_wconf 77' lang='lat'><strong>212</strong></span> <span class='ocrx_word' id='word_1_2' title='bbox 625 449 782 500; x_wconf 77' lang='lat' dir='ltr'><strong>vrnunrr</strong></span> <span class='ocrx_word' id='word_1_3' title='bbox 807 447 952 498; x_wconf 80' lang='lat' dir='ltr'><strong>unxsur</strong></span> <span class='ocrx_word' id='word_1_4' title='bbox 978 449 1049 495; x_wconf 82' lang='lat' dir='ltr'><strong>nra.</strong></span> <span class='ocrx_word' id='word_1_5' title='bbox 1072 449 1096 496; x_wconf 89' lang='lat' dir='ltr'><strong>r.</strong></span> 
     </span>
    </p>
   </div>
   <div class='ocr_carea' id='block_1_2' title="bbox 310 583 1405 1274">
    <p class='ocr_par' dir='ltr' id='par_1_2' title="bbox 312 583 1405 960">
     <span class='ocr_line' id='line_1_2' title="bbox 313 583 1403 688; baseline -0.01 -21"><span class='ocrx_word' id='word_1_6' title='bbox 313 593 640 688; x_wconf 84' lang='lat' dir='ltr'><strong>pnitectutui&#39;uerut,</strong></span> <span class='ocrx_word' id='word_1_7' title='bbox 666 595 890 672; x_wconf 73' lang='lat' dir='ltr'><strong>argumentum</strong></span> <span class='ocrx_word' id='word_1_8' title='bbox 913 589 1069 670; x_wconf 85' lang='lat' dir='ltr'><strong>praebuit.</strong></span> <span class='ocrx_word' id='word_1_9' title='bbox 1114 589 1235 673; x_wconf 87' lang='lat' dir='ltr'><strong>Itaque</strong></span> <span class='ocrx_word' id='word_1_10' title='bbox 1258 583 1403 656; x_wconf 78' lang='lat' dir='ltr'><strong>Fabricii</strong></span> 
     </span>
     <span class='ocr_line' id='line_1_3' title="bbox 312 689 1405 777; baseline -0.005 -16"><span class='ocrx_word' id='word_1_11' title='bbox 312 701 422 766; x_wconf 83' lang='lat' dir='ltr'><strong>edicto</strong></span> <span class='ocrx_word' id='word_1_12' title='bbox 438 691 659 777; x_wconf 72' lang='lat' dir='ltr'><strong>supplicatioJ</strong></span> <span class='ocrx_word' id='word_1_13' title='bbox 681 691 784 754; x_wconf 86' lang='lat' dir='ltr'><strong>Marti</strong></span> <span class='ocrx_word' id='word_1_14' title='bbox 800 695 852 753; x_wconf 87' lang='lat' dir='ltr'><strong>est</strong></span> <span class='ocrx_word' id='word_1_15' title='bbox 865 689 988 764; x_wconf 88' lang='lat' dir='ltr'><strong>babitu,</strong></span> <span class='ocrx_word' id='word_1_16' title='bbox 1013 695 1046 751; x_wconf 90' lang='lat' dir='ltr'><strong>ct</strong></span> <span class='ocrx_word' id='word_1_17' title='bbox 1066 708 1088 751; x_wconf 89' lang='lat' dir='ltr'><strong>a</strong></span> <span class='ocrx_word' id='word_1_18' title='bbox 1112 689 1270 755; x_wconf 85' lang='lat' dir='ltr'><strong>laureatis</strong></span> <span class='ocrx_word' id='word_1_19' title='bbox 1295 693 1405 756; x_wconf 91' lang='lat' dir='ltr'><strong>militi·</strong></span> 
     </span>
     <span class='ocr_line' id='line_1_4' title="bbox 312 790 1403 874; baseline -0.002 -17"><span class='ocrx_word' id='word_1_20' title='bbox 312 801 374 864; x_wconf 79' lang='lat' dir='ltr'><strong>bna</strong></span> <span class='ocrx_word' id='word_1_21' title='bbox 387 811 591 874; x_wconf 83' lang='lat' dir='ltr'><strong>magnacum</strong></span> <span class='ocrx_word' id='word_1_22' title='bbox 602 793 788 856; x_wconf 88' lang='lat' dir='ltr'><strong>animorum</strong></span> <span class='ocrx_word' id='word_1_23' title='bbox 801 790 923 870; x_wconf 70' lang='lat' dir='ltr'><strong>lautitia</strong></span> <span class='ocrx_word' id='word_1_24' title='bbox 934 791 1038 854; x_wconf 92' lang='lat' dir='ltr'><strong>oblati</strong></span> <span class='ocrx_word' id='word_1_25' title='bbox 1048 791 1165 853; x_wconf 78' lang='lat' dir='ltr'><strong>auxilii</strong></span> <span class='ocrx_word' id='word_1_26' title='bbox 1178 793 1403 857; x_wconf 86' lang='lat' dir='ltr'><strong>testimonium</strong></span> 
     </span>
     <span class='ocr_line' id='line_1_5' title="bbox 312 893 601 960; baseline -0.021 -1"><span class='ocrx_word' id='word_1_27' title='bbox 312 897 343 960; x_wconf 88' lang='lat' dir='ltr'><strong>ei</strong></span> <span class='ocrx_word' id='word_1_28' title='bbox 358 899 412 958; x_wconf 88' lang='lat' dir='ltr'><strong>est</strong></span> <span class='ocrx_word' id='word_1_29' title='bbox 424 893 601 957; x_wconf 88' lang='lat' dir='ltr'><strong>redditum.</strong></span> 
     </span>
    </p>

    <p class='ocr_par' dir='ltr' id='par_1_3' title="bbox 310 989 1404 1274">
     <span class='ocr_line' id='line_1_6' title="bbox 352 989 1403 1071; baseline -0.004 -12"><span class='ocrx_word' id='word_1_30' title='bbox 352 996 385 1058; x_wconf 81' lang='lat'><strong>7.</strong></span> <span class='ocrx_word' id='word_1_31' title='bbox 407 993 563 1058; x_wconf 77' lang='lat' dir='ltr'><strong>Referam</strong></span> <span class='ocrx_word' id='word_1_32' title='bbox 578 1009 678 1065; x_wconf 92' lang='lat' dir='ltr'><strong>nunc,</strong></span> <span class='ocrx_word' id='word_1_33' title='bbox 694 989 785 1071; x_wconf 90' lang='lat' dir='ltr'><strong>quod</strong></span> <span class='ocrx_word' id='word_1_34' title='bbox 801 1008 865 1053; x_wconf 91' lang='lat' dir='ltr'><strong>suo</strong></span> <span class='ocrx_word' id='word_1_35' title='bbox 881 991 1008 1054; x_wconf 86' lang='lat' dir='ltr'><strong>saeculo</strong></span> <span class='ocrx_word' id='word_1_36' title='bbox 1021 989 1188 1070; x_wconf 85' lang='lat' dir='ltr'><strong>cognitum</strong></span> <span class='ocrx_word' id='word_1_37' title='bbox 1200 993 1351 1054; x_wconf 83' lang='lat' dir='ltr'><strong>manarit</strong></span> <span class='ocrx_word' id='word_1_38' title='bbox 1359 993 1403 1055; x_wconf 91' lang='lat' dir='ltr'><strong>ad</strong></span> 
     </span>
     <span class='ocr_line' id='line_1_7' title="bbox 310 1085 1404 1178; baseline -0.006 -19"><span class='ocrx_word' id='word_1_39' title='bbox 310 1100 476 1178; x_wconf 61' lang='lat' dir='ltr'><strong>posteros</strong></span> <span class='ocrx_word' id='word_1_40' title='bbox 492 1093 638 1156; x_wconf 81' lang='lat' dir='ltr'><strong>Penates</strong></span> <span class='ocrx_word' id='word_1_41' title='bbox 653 1085 803 1154; x_wconf 77' lang='lat' dir='ltr'><strong>Deos³⁵k</strong></span> <span class='ocrx_word' id='word_1_42' title='bbox 825 1086 982 1152; x_wconf 85' lang='lat' dir='ltr'><strong>AEnoam¹</strong></span> <span class='ocrx_word' id='word_1_43' title='bbox 1002 1089 1134 1172; x_wconf 61' lang='lat' dir='ltr'><strong>Trojaa</strong></span> <span class='ocrx_word' id='word_1_44' title='bbox 1156 1087 1315 1154; x_wconf 82' lang='lat' dir='ltr'><strong>advectos</strong></span> <span class='ocrx_word' id='word_1_45' title='bbox 1339 1090 1404 1153; x_wconf 80' lang='lat' dir='ltr'><strong>La-</strong></span> 
     </span>
     <span class='ocr_line' id='line_1_8' title="bbox 311 1188 1404 1274; baseline -0.005 -15"><span class='ocrx_word' id='word_1_46' title='bbox 311 1195 416 1260; x_wconf 76' lang='lat' dir='ltr'><strong>sinii¹¹</strong></span> <span class='ocrx_word' id='word_1_47' title='bbox 445 1193 646 1257; x_wconf 87' lang='lat' dir='ltr'><strong>collocasse:</strong></span> <span class='ocrx_word' id='word_1_48' title='bbox 678 1188 754 1254; x_wconf 89' lang='lat' dir='ltr'><strong>inde</strong></span> <span class='ocrx_word' id='word_1_49' title='bbox 783 1190 826 1254; x_wconf 88' lang='lat' dir='ltr'><strong>ab</strong></span> <span class='ocrx_word' id='word_1_50' title='bbox 855 1188 1032 1254; x_wconf 87' lang='lat' dir='ltr'><strong>Ascanio⁰</strong></span> <span class='ocrx_word' id='word_1_51' title='bbox 1052 1191 1123 1255; x_wconf 88' lang='lat' dir='ltr'><strong>filio</strong></span> <span class='ocrx_word' id='word_1_52' title='bbox 1153 1190 1227 1274; x_wconf 83' lang='lat' dir='ltr'><strong>ejus</strong></span> <span class='ocrx_word' id='word_1_53' title='bbox 1252 1189 1404 1268; x_wconf 61' lang='lat' dir='ltr'><strong>Albam?</strong></span> 
     </span>
    </p>
   </div>
   <div class='ocr_carea' id='block_1_3' title="bbox 768 1351 947 1372">
    <p class='ocr_par' dir='ltr' id='par_1_4' title="bbox 768 1351 947 1372">
     <span class='ocr_line' id='line_1_9' title="bbox 768 1351 947 1372; baseline 0.011 -2"><span class='ocrx_word' id='word_1_54' title='bbox 768 1351 947 1372; x_wconf 63' lang='grc' dir='ltr'><strong>ΠΗΝῊΙΜ</strong></span> 
     </span>
    </p>
   </div>
   <div class='ocr_carea' id='block_1_4' title="bbox 309 1449 1404 1580">
    <p class='ocr_par' dir='ltr' id='par_1_5' title="bbox 309 1449 1404 1580">
     <span class='ocr_line' id='line_1_10' title="bbox 309 1449 1402 1515; baseline -0.001 -14"><span class='ocrx_word' id='word_1_55' title='bbox 309 1452 420 1506; x_wconf 83' lang='lat' dir='ltr'><strong>Quidam</strong></span> <span class='ocrx_word' id='word_1_56' title='bbox 429 1451 506 1501; x_wconf 86' lang='lat' dir='ltr'><strong>etiam</strong></span> <span class='ocrx_word' id='word_1_57' title='bbox 515 1451 809 1513; x_wconf 73' lang='lat' dir='ltr'><strong>urgumeatrmfuit.-35</strong></span> <span class='ocrx_word' id='word_1_58' title='bbox 826 1452 966 1502; x_wconf 80' lang='lat' dir='ltr'><strong>Pesetruies</strong></span> <span class='ocrx_word' id='word_1_59' title='bbox 980 1454 1040 1502; x_wconf 83' lang='lat' dir='ltr'><strong>Deos</strong></span> <span class='ocrx_word' id='word_1_60' title='bbox 1055 1452 1080 1501; x_wconf 91' lang='lat' dir='ltr'><strong>in</strong></span> <span class='ocrx_word' id='word_1_61' title='bbox 1090 1453 1182 1515; x_wconf 85' lang='lat' dir='ltr'><strong>Camp·</strong></span> <span class='ocrx_word' id='word_1_62' title='bbox 1194 1449 1298 1502; x_wconf 85' lang='lat' dir='ltr'><strong>Gembi.</strong></span> <span class='ocrx_word' id='word_1_63' title='bbox 1309 1449 1402 1500; x_wconf 83' lang='lat' dir='ltr'><strong>Atreb.</strong></span> 
     </span>
     <span class='ocr_line' id='line_1_11' title="bbox 309 1515 1404 1580; baseline -0.005 -12"><span class='ocrx_word' id='word_1_64' title='bbox 309 1517 410 1568; x_wconf 80' lang='lat' dir='ltr'><strong>Wiuck.</strong></span> <span class='ocrx_word' id='word_1_65' title='bbox 423 1516 512 1568; x_wconf 84' lang='lat' dir='ltr'><strong>Goion.</strong></span> <span class='ocrx_word' id='word_1_66' title='bbox 521 1515 618 1565; x_wconf 84' lang='lat' dir='ltr'><strong>Brund.</strong></span> <span class='ocrx_word' id='word_1_67' title='bbox 631 1519 654 1565; x_wconf 92' lang='lat'><strong>1.</strong></span> <span class='ocrx_word' id='word_1_68' title='bbox 663 1519 687 1566; x_wconf 57' lang='grc' dir='ltr'><strong>ἢ.</strong></span> <span class='ocrx_word' id='word_1_69' title='bbox 696 1515 881 1580; x_wconf 70' lang='lat' dir='ltr'><strong>septemdecim</strong></span> <span class='ocrx_word' id='word_1_70' title='bbox 890 1517 997 1566; x_wconf 76' lang='lat' dir='ltr'><strong>Porrcn.</strong></span> <span class='ocrx_word' id='word_1_71' title='bbox 1008 1523 1036 1567; x_wconf 89' lang='lat' dir='ltr'><strong>et</strong></span> <span class='ocrx_word' id='word_1_72' title='bbox 1044 1516 1103 1567; x_wconf 87' lang='lat' dir='ltr'><strong>Vet.</strong></span> <span class='ocrx_word' id='word_1_73' title='bbox 1111 1517 1249 1566; x_wconf 79' lang='lat' dir='ltr'><strong>Peaetruleo</strong></span> <span class='ocrx_word' id='word_1_74' title='bbox 1257 1516 1404 1578; x_wconf 74' lang='lat' dir='ltr'><strong>Petreiusque</strong></span> 
     </span>
    </p>
   </div>
   <div class='ocr_carea' id='block_1_5' title="bbox 804 1661 910 1710">
    <p class='ocr_par' dir='ltr' id='par_1_6' title="bbox 804 1661 910 1710">
     <span class='ocr_line' id='line_1_12' title="bbox 804 1661 910 1710; baseline 0 0"><span class='ocrx_word' id='word_1_75' title='bbox 804 1661 910 1710; x_wconf 79' lang='lat' dir='ltr'>NOTAE</span> 
     </span>
    </p>
   </div>
   <div class='ocr_carea' id='block_1_6' title="bbox 309 1765 1408 4300">
    <p class='ocr_par' dir='ltr' id='par_1_7' title="bbox 309 1765 1408 4300">
     <span class='ocr_line' id='line_1_13' title="bbox 311 1765 1404 1832; baseline -0.003 -15"><span class='ocrx_word' id='word_1_76' title='bbox 311 1766 409 1832; x_wconf 89' lang='lat' dir='ltr'><strong>tripiici</strong></span> <span class='ocrx_word' id='word_1_77' title='bbox 425 1767 518 1817; x_wconf 84' lang='lat' dir='ltr'><strong>crinita</strong></span> <span class='ocrx_word' id='word_1_78' title='bbox 530 1766 596 1830; x_wconf 81' lang='lat' dir='ltr'><strong>juba</strong></span> <span class='ocrx_word' id='word_1_79' title='bbox 614 1767 688 1830; x_wconf 68' lang='lat' dir='ltr'><strong>galea</strong></span> <span class='ocrx_word' id='word_1_80' title='bbox 706 1768 759 1817; x_wconf 85' lang='lat' dir='ltr'><strong>alta</strong></span> <span class='ocrx_word' id='word_1_81' title='bbox 777 1766 835 1816; x_wconf 85' lang='lat' dir='ltr'><strong>cni·</strong></span> <span class='ocrx_word' id='word_1_82' title='bbox 877 1767 957 1818; x_wconf 84' lang='lat' dir='ltr'><strong>totius</strong></span> <span class='ocrx_word' id='word_1_83' title='bbox 976 1769 1078 1831; x_wconf 74' lang='lat' dir='ltr'><strong>generis</strong></span> <span class='ocrx_word' id='word_1_84' title='bbox 1095 1768 1208 1829; x_wconf 83' lang='lat' dir='ltr'><strong>hrrmaui,</strong></span> <span class='ocrx_word' id='word_1_85' title='bbox 1223 1767 1267 1816; x_wconf 85' lang='lat' dir='ltr'><strong>alii</strong></span> <span class='ocrx_word' id='word_1_86' title='bbox 1279 1767 1346 1830; x_wconf 83' lang='lat' dir='ltr'><strong>coeli,</strong></span> <span class='ocrx_word' id='word_1_87' title='bbox 1359 1765 1404 1816; x_wconf 90' lang='lat' dir='ltr'><strong>alii</strong></span> 
     </span>
     <span class='ocr_line' id='line_1_14' title="bbox 310 1839 1405 1908; baseline 0.002 -17"><span class='ocrx_word' id='word_1_88' title='bbox 310 1857 414 1892; x_wconf 77' lang='lat' dir='ltr'><strong>maram</strong></span> <span class='ocrx_word' id='word_1_89' title='bbox 434 1842 551 1892; x_wconf 81' lang='lat' dir='ltr'><strong>Sustinet</strong></span> <span class='ocrx_word' id='word_1_90' title='bbox 572 1842 685 1892; x_wconf 83' lang='lat' dir='ltr'><strong>AEtnreos</strong></span> <span class='ocrx_word' id='word_1_91' title='bbox 707 1839 836 1890; x_wconf 84' lang='lat' dir='ltr'><strong>efflantem</strong></span> <span class='ocrx_word' id='word_1_92' title='bbox 878 1848 965 1905; x_wconf 82' lang='lat' dir='ltr'><strong>terrae,</strong></span> <span class='ocrx_word' id='word_1_93' title='bbox 980 1844 1023 1893; x_wconf 90' lang='lat' dir='ltr'><strong>alii</strong></span> <span class='ocrx_word' id='word_1_94' title='bbox 1042 1844 1166 1908; x_wconf 86' lang='lat' dir='ltr'><strong>cujusque</strong></span> <span class='ocrx_word' id='word_1_95' title='bbox 1188 1847 1215 1892; x_wconf 86' lang='lat' dir='ltr'><strong>et</strong></span> <span class='ocrx_word' id='word_1_96' title='bbox 1236 1841 1350 1892; x_wconf 85' lang='lat' dir='ltr'><strong>civitatis</strong></span> <span class='ocrx_word' id='word_1_97' title='bbox 1376 1848 1405 1893; x_wconf 90' lang='lat' dir='ltr'><strong>et</strong></span> 
     </span>
     <span class='ocr_line' id='line_1_15' title="bbox 310 1915 1405 1980; baseline 0 -12"><span class='ocrx_word' id='word_1_98' title='bbox 310 1917 428 1968; x_wconf 80' lang='lat' dir='ltr'><strong>faucibus</strong></span> <span class='ocrx_word' id='word_1_99' title='bbox 449 1915 540 1980; x_wconf 64' lang='lat' dir='ltr'><strong>ignes!</strong></span> <span class='ocrx_word' id='word_1_100' title='bbox 581 1918 616 1968; x_wconf 80' lang='lat' dir='ltr'><strong>Et</strong></span> <span class='ocrx_word' id='word_1_101' title='bbox 640 1917 795 1966; x_wconf 78' lang='lat' dir='ltr'><strong>Plutarchus</strong></span> <span class='ocrx_word' id='word_1_102' title='bbox 811 1915 837 1964; x_wconf 87' lang='lat' dir='ltr'><strong>iu</strong></span> <span class='ocrx_word' id='word_1_103' title='bbox 878 1917 976 1968; x_wconf 86' lang='lat' dir='ltr'><strong>domus.</strong></span> <span class='ocrx_word' id='word_1_104' title='bbox 1008 1919 1081 1969; x_wconf 78' lang='lat' dir='ltr'><strong>Quos</strong></span> <span class='ocrx_word' id='word_1_105' title='bbox 1099 1932 1161 1967; x_wconf 81' lang='lat' dir='ltr'><strong>vero</strong></span> <span class='ocrx_word' id='word_1_106' title='bbox 1179 1917 1293 1966; x_wconf 84' lang='lat' dir='ltr'><strong>Penates</strong></span> <span class='ocrx_word' id='word_1_107' title='bbox 1312 1917 1405 1968; x_wconf 81' lang='lat' dir='ltr'><strong>AEneas</strong></span> 
     </span>
     <span class='ocr_line' id='line_1_16' title="bbox 311 1991 1405 2056; baseline -0.004 -12"><span class='ocrx_word' id='word_1_108' title='bbox 311 1993 395 2044; x_wconf 86' lang='lat' dir='ltr'><strong>Murio</strong></span> <span class='ocrx_word' id='word_1_109' title='bbox 404 1991 565 2042; x_wconf 83' lang='lat' dir='ltr'><strong>Cimbrorum</strong></span> <span class='ocrx_word' id='word_1_110' title='bbox 577 1994 662 2056; x_wconf 73' lang='lat' dir='ltr'><strong>galeas</strong></span> <span class='ocrx_word' id='word_1_111' title='bbox 672 2000 699 2042; x_wconf 87' lang='lat' dir='ltr'><strong>et</strong></span> <span class='ocrx_word' id='word_1_112' title='bbox 709 1991 802 2055; x_wconf 83' lang='lat' dir='ltr'><strong>plumis</strong></span> <span class='ocrx_word' id='word_1_113' title='bbox 810 1997 838 2041; x_wconf 89' lang='lat' dir='ltr'><strong>et</strong></span> <span class='ocrx_word' id='word_1_114' title='bbox 877 1992 958 2055; x_wconf 81' lang='lat' dir='ltr'><strong>&#39;l&#39;roja</strong></span> <span class='ocrx_word' id='word_1_115' title='bbox 977 2007 1065 2044; x_wconf 88' lang='lat' dir='ltr'><strong>secum</strong></span> <span class='ocrx_word' id='word_1_116' title='bbox 1086 1993 1114 2042; x_wconf 91' lang='lat' dir='ltr'><strong>in</strong></span> <span class='ocrx_word' id='word_1_117' title='bbox 1135 1992 1239 2042; x_wconf 79' lang='lat' dir='ltr'><strong>Italiam</strong></span> <span class='ocrx_word' id='word_1_118' title='bbox 1260 1991 1405 2056; x_wconf 83' lang='lat' dir='ltr'><strong>advexerit,</strong></span> 
     </span>
     <span class='ocr_line' id='line_1_17' title="bbox 309 2066 1405 2132; baseline -0.002 -13"><span class='ocrx_word' id='word_1_119' title='bbox 309 2068 443 2119; x_wconf 81' lang='lat' dir='ltr'><strong>horrendis</strong></span> <span class='ocrx_word' id='word_1_120' title='bbox 452 2068 619 2118; x_wconf 83' lang='lat' dir='ltr'><strong>animantium</strong></span> <span class='ocrx_word' id='word_1_121' title='bbox 628 2066 837 2132; x_wconf 74' lang='lat' dir='ltr'><strong>figurisinsigues</strong></span> <span class='ocrx_word' id='word_1_122' title='bbox 877 2066 1013 2117; x_wconf 87' lang='lat' dir='ltr'><strong>obscurum</strong></span> <span class='ocrx_word' id='word_1_123' title='bbox 1023 2074 1079 2128; x_wconf 87' lang='lat' dir='ltr'><strong>est;</strong></span> <span class='ocrx_word' id='word_1_124' title='bbox 1095 2067 1139 2116; x_wconf 90' lang='lat' dir='ltr'><strong>alii</strong></span> <span class='ocrx_word' id='word_1_125' title='bbox 1149 2068 1266 2129; x_wconf 85' lang='lat' dir='ltr'><strong>Vestam,</strong></span> <span class='ocrx_word' id='word_1_126' title='bbox 1277 2067 1322 2115; x_wconf 90' lang='lat' dir='ltr'><strong>alii</strong></span> <span class='ocrx_word' id='word_1_127' title='bbox 1334 2069 1405 2131; x_wconf 87' lang='lat' dir='ltr'><strong>Nep·</strong></span> 
     </span>
     <span class='ocr_line' id='line_1_18' title="bbox 309 2141 1405 2208; baseline -0.002 -14"><span class='ocrx_word' id='word_1_128' title='bbox 309 2143 443 2195; x_wconf 76' lang='lat' dir='ltr'><strong>describit.</strong></span> <span class='ocrx_word' id='word_1_129' title='bbox 475 2142 697 2194; x_wconf 82' lang='lat' dir='ltr'><strong>Moramillumsb</strong></span> <span class='ocrx_word' id='word_1_130' title='bbox 709 2141 837 2206; x_wconf 76' lang='lat' dir='ltr'><strong>AEgyptiis</strong></span> <span class='ocrx_word' id='word_1_131' title='bbox 878 2149 969 2195; x_wconf 86' lang='lat' dir='ltr'><strong>tunam</strong></span> <span class='ocrx_word' id='word_1_132' title='bbox 985 2149 1014 2195; x_wconf 87' lang='lat' dir='ltr'><strong>et</strong></span> <span class='ocrx_word' id='word_1_133' title='bbox 1035 2143 1191 2208; x_wconf 84' lang='lat' dir='ltr'><strong>Apollinem,</strong></span> <span class='ocrx_word' id='word_1_134' title='bbox 1210 2143 1254 2192; x_wconf 86' lang='lat' dir='ltr'><strong>ulii</strong></span> <span class='ocrx_word' id='word_1_135' title='bbox 1274 2143 1405 2193; x_wconf 82' lang='lat' dir='ltr'><strong>Castorem</strong></span> 
     </span>
     <span class='ocr_line' id='line_1_19' title="bbox 311 2217 1244 2280; baseline -0.005 -10"><span class='ocrx_word' id='word_1_136' title='bbox 311 2226 396 2270; x_wconf 84' lang='lat' dir='ltr'><strong>ortum</strong></span> <span class='ocrx_word' id='word_1_137' title='bbox 410 2232 461 2267; x_wconf 90' lang='lat' dir='ltr'><strong>non</strong></span> <span class='ocrx_word' id='word_1_138' title='bbox 477 2225 576 2268; x_wconf 83' lang='lat' dir='ltr'><strong>temere</strong></span> <span class='ocrx_word' id='word_1_139' title='bbox 587 2217 713 2277; x_wconf 82' lang='lat' dir='ltr'><strong>dixerim3</strong></span> <span class='ocrx_word' id='word_1_140' title='bbox 730 2230 838 2280; x_wconf 86' lang='lat' dir='ltr'><strong>quorum</strong></span> <span class='ocrx_word' id='word_1_141' title='bbox 878 2229 907 2272; x_wconf 72' lang='lat' dir='ltr'><strong>et</strong></span> <span class='ocrx_word' id='word_1_142' title='bbox 916 2223 1049 2271; x_wconf 75' lang='lat' dir='ltr'><strong>Pollucem</strong></span> <span class='ocrx_word' id='word_1_143' title='bbox 1057 2220 1136 2270; x_wconf 70' lang='lat' dir='ltr'><strong>fuisse</strong></span> <span class='ocrx_word' id='word_1_144' title='bbox 1147 2221 1244 2269; x_wconf 84' lang='lat' dir='ltr'><strong>volunt.</strong></span> 
     </span>
     <span class='ocr_line' id='line_1_20' title="bbox 312 2291 1406 2360; baseline -0.009 -16"><span class='ocrx_word' id='word_1_145' title='bbox 312 2293 399 2360; x_wconf 70' lang='lat' dir='ltr'><strong>Reges</strong></span> <span class='ocrx_word' id='word_1_146' title='bbox 411 2300 500 2358; x_wconf 88' lang='lat' dir='ltr'><strong>capnt,</strong></span> <span class='ocrx_word' id='word_1_147' title='bbox 516 2295 557 2344; x_wconf 84' lang='lat' dir='ltr'><strong>rel</strong></span> <span class='ocrx_word' id='word_1_148' title='bbox 575 2294 680 2352; x_wconf 79' lang='lat' dir='ltr'><strong>Leonis,</strong></span> <span class='ocrx_word' id='word_1_149' title='bbox 698 2291 835 2353; x_wconf 79' lang='lat' dir='ltr'><strong>vcl&#39;i&#39;anri,</strong></span> <span class='ocrx_word' id='word_1_150' title='bbox 910 2294 1037 2356; x_wconf 72' lang='lat' dir='ltr'><strong>¹AEmm]</strong></span> <span class='ocrx_word' id='word_1_151' title='bbox 1063 2292 1182 2342; x_wconf 62' lang='lat' dir='ltr'><strong>Anchisa</strong></span> <span class='ocrx_word' id='word_1_152' title='bbox 1204 2299 1232 2342; x_wconf 68' lang='lat' dir='ltr'><strong>et</strong></span> <span class='ocrx_word' id='word_1_153' title='bbox 1246 2293 1357 2344; x_wconf 61' lang='lat' dir='ltr'><strong>Venari,</strong></span> <span class='ocrx_word' id='word_1_154' title='bbox 1376 2293 1406 2342; x_wconf 81' lang='lat' dir='ltr'><strong>fi.</strong></span> 
     </span>
     <span class='ocr_line' id='line_1_21' title="bbox 311 2364 1405 2432; baseline -0.001 -12"><span class='ocrx_word' id='word_1_155' title='bbox 311 2371 353 2420; x_wconf 85' lang='lat' dir='ltr'><strong>rel</strong></span> <span class='ocrx_word' id='word_1_156' title='bbox 372 2369 508 2431; x_wconf 85' lang='lat' dir='ltr'><strong>Draconis,</strong></span> <span class='ocrx_word' id='word_1_157' title='bbox 526 2368 617 2432; x_wconf 75' lang='lat' dir='ltr'><strong>Regiae</strong></span> <span class='ocrx_word' id='word_1_158' title='bbox 639 2364 779 2428; x_wconf 83' lang='lat' dir='ltr'><strong>potestatis</strong></span> <span class='ocrx_word' id='word_1_159' title='bbox 799 2364 838 2410; x_wconf 80' lang='lat' dir='ltr'><strong>in·</strong></span> <span class='ocrx_word' id='word_1_160' title='bbox 878 2369 949 2431; x_wconf 86' lang='lat' dir='ltr'><strong>lium,</strong></span> <span class='ocrx_word' id='word_1_161' title='bbox 967 2369 1072 2431; x_wconf 74' lang='lat' dir='ltr'><strong>Virgilii</strong></span> <span class='ocrx_word' id='word_1_162' title='bbox 1087 2369 1203 2418; x_wconf 86' lang='lat' dir='ltr'><strong>versibus</strong></span> <span class='ocrx_word' id='word_1_163' title='bbox 1225 2370 1405 2432; x_wconf 66' lang='lat' dir='ltr'><strong>nobilitatum</strong></span> 
     </span>
     <span class='ocr_line' id='line_1_22' title="bbox 309 2437 1405 2512; baseline -0.014 -14"><span class='ocrx_word' id='word_1_164' title='bbox 309 2447 383 2511; x_wconf 78' lang='lat' dir='ltr'><strong>signe</strong></span> <span class='ocrx_word' id='word_1_165' title='bbox 394 2454 508 2512; x_wconf 78' lang='lat' dir='ltr'><strong>gestasse</strong></span> <span class='ocrx_word' id='word_1_166' title='bbox 516 2440 745 2495; x_wconf 87' lang='lat' dir='ltr'><strong>scribitDiodorus</strong></span> <span class='ocrx_word' id='word_1_167' title='bbox 755 2437 799 2485; x_wconf 89' lang='lat' dir='ltr'><strong>lib.</strong></span> <span class='ocrx_word' id='word_1_168' title='bbox 808 2449 838 2484; x_wconf 87' lang='lat' dir='ltr'><strong>rr.</strong></span> <span class='ocrx_word' id='word_1_169' title='bbox 878 2445 922 2507; x_wconf 70' lang='lat' dir='ltr'><strong>qut</strong></span> <span class='ocrx_word' id='word_1_170' title='bbox 942 2451 1028 2494; x_wconf 59' lang='lat' dir='ltr'><strong>tamen</strong></span> <span class='ocrx_word' id='word_1_171' title='bbox 1046 2446 1137 2506; x_wconf 61' lang='lat' dir='ltr'><strong>patrias,</strong></span> <span class='ocrx_word' id='word_1_172' title='bbox 1156 2445 1274 2508; x_wconf 59' lang='lat' dir='ltr'><strong>proditor</strong></span> <span class='ocrx_word' id='word_1_173' title='bbox 1292 2448 1326 2496; x_wconf 60' lang='lat' dir='ltr'><strong>„b</strong></span> <span class='ocrx_word' id='word_1_174' title='bbox 1348 2449 1405 2500; x_wconf 55' lang='lat' dir='ltr'><strong>affl,</strong></span> 
     </span>
     <span class='ocr_line' id='line_1_23' title="bbox 313 2512 1407 2587; baseline -0.001 -13"><span class='ocrx_word' id='word_1_175' title='bbox 313 2523 355 2573; x_wconf 85' lang='lat' dir='ltr'><strong>Ab</strong></span> <span class='ocrx_word' id='word_1_176' title='bbox 366 2524 491 2587; x_wconf 72' lang='lat' dir='ltr'><strong>AEpyptiis</strong></span> <span class='ocrx_word' id='word_1_177' title='bbox 510 2520 543 2568; x_wconf 90' lang='lat' dir='ltr'><strong>ad</strong></span> <span class='ocrx_word' id='word_1_178' title='bbox 559 2520 675 2575; x_wconf 75' lang='lat' dir='ltr'><strong>Grecos,</strong></span> <span class='ocrx_word' id='word_1_179' title='bbox 694 2519 724 2561; x_wconf 87' lang='lat' dir='ltr'><strong>ut</strong></span> <span class='ocrx_word' id='word_1_180' title='bbox 740 2512 838 2562; x_wconf 76' lang='lat' dir='ltr'><strong>iudicat</strong></span> <span class='ocrx_word' id='word_1_181' title='bbox 878 2518 988 2571; x_wconf 83' lang='lat' dir='ltr'><strong>dicitnr:</strong></span> <span class='ocrx_word' id='word_1_182' title='bbox 1006 2520 1091 2570; x_wconf 86' lang='lat' dir='ltr'><strong>abillo</strong></span> <span class='ocrx_word' id='word_1_183' title='bbox 1103 2520 1317 2583; x_wconf 82' lang='lat' dir='ltr'><strong>enim,relScaea</strong></span> <span class='ocrx_word' id='word_1_184' title='bbox 1328 2529 1407 2585; x_wconf 86' lang='lat' dir='ltr'><strong>porta</strong></span> 
     </span>
     <span class='ocr_line' id='line_1_24' title="bbox 312 2587 1405 2668; baseline -0.001 -21"><span class='ocrx_word' id='word_1_185' title='bbox 312 2600 422 2668; x_wconf 75' lang='lat' dir='ltr'><strong>Plinius,</strong></span> <span class='ocrx_word' id='word_1_186' title='bbox 446 2611 461 2644; x_wconf 92' lang='lat' dir='ltr'><strong>a</strong></span> <span class='ocrx_word' id='word_1_187' title='bbox 480 2592 580 2644; x_wconf 85' lang='lat' dir='ltr'><strong>Graecis</strong></span> <span class='ocrx_word' id='word_1_188' title='bbox 597 2590 630 2638; x_wconf 87' lang='lat' dir='ltr'><strong>ad</strong></span> <span class='ocrx_word' id='word_1_189' title='bbox 652 2590 789 2650; x_wconf 81' lang='lat' dir='ltr'><strong>Romanos,</strong></span> <span class='ocrx_word' id='word_1_190' title='bbox 805 2587 838 2636; x_wconf 89' lang='lat' dir='ltr'><strong>ab</strong></span> <span class='ocrx_word' id='word_1_191' title='bbox 878 2594 980 2645; x_wconf 72' lang='lat' dir='ltr'><strong>Grecis</strong></span> <span class='ocrx_word' id='word_1_192' title='bbox 991 2603 1094 2660; x_wconf 86' lang='lat' dir='ltr'><strong>aperta,</strong></span> <span class='ocrx_word' id='word_1_193' title='bbox 1105 2603 1134 2645; x_wconf 88' lang='lat' dir='ltr'><strong>nt</strong></span> <span class='ocrx_word' id='word_1_194' title='bbox 1145 2601 1237 2646; x_wconf 85' lang='lat' dir='ltr'><strong>auctor</strong></span> <span class='ocrx_word' id='word_1_195' title='bbox 1248 2603 1289 2646; x_wconf 89' lang='lat' dir='ltr'><strong>est</strong></span> <span class='ocrx_word' id='word_1_196' title='bbox 1300 2598 1405 2660; x_wconf 81' lang='lat' dir='ltr'><strong>Dares3</strong></span> 
     </span>
     <span class='ocr_line' id='line_1_25' title="bbox 310 2661 1405 2738; baseline 0.005 -20"><span class='ocrx_word' id='word_1_197' title='bbox 310 2670 342 2720; x_wconf 88' lang='lat' dir='ltr'><strong>iis</strong></span> <span class='ocrx_word' id='word_1_198' title='bbox 352 2673 384 2720; x_wconf 87' lang='lat' dir='ltr'><strong>ad</strong></span> <span class='ocrx_word' id='word_1_199' title='bbox 393 2676 506 2720; x_wconf 84' lang='lat' dir='ltr'><strong>nostram</strong></span> <span class='ocrx_word' id='word_1_200' title='bbox 516 2679 595 2730; x_wconf 81' lang='lat' dir='ltr'><strong>usque</strong></span> <span class='ocrx_word' id='word_1_201' title='bbox 604 2661 838 2712; x_wconf 63' lang='lat' dir='ltr'><strong>manavitffissiem·</strong></span> <span class='ocrx_word' id='word_1_202' title='bbox 878 2670 920 2719; x_wconf 87' lang='lat' dir='ltr'><strong>vel</strong></span> <span class='ocrx_word' id='word_1_203' title='bbox 930 2685 1011 2735; x_wconf 85' lang='lat' dir='ltr'><strong>equus</strong></span> <span class='ocrx_word' id='word_1_204' title='bbox 1028 2672 1128 2736; x_wconf 82' lang='lat' dir='ltr'><strong>ligneus</strong></span> <span class='ocrx_word' id='word_1_205' title='bbox 1147 2672 1240 2723; x_wconf 74' lang='lat' dir='ltr'><strong>Graeco</strong></span> <span class='ocrx_word' id='word_1_206' title='bbox 1259 2675 1346 2738; x_wconf 78' lang='lat' dir='ltr'><strong>gravis</strong></span> <span class='ocrx_word' id='word_1_207' title='bbox 1358 2675 1405 2724; x_wconf 87' lang='lat' dir='ltr'><strong>rni-</strong></span> 
     </span>
     <span class='ocr_line' id='line_1_26' title="bbox 312 2737 1405 2813; baseline -0.001 -22"><span class='ocrx_word' id='word_1_208' title='bbox 312 2744 475 2792; x_wconf 74' lang='lat' dir='ltr'><strong>deilial&#39;um</strong></span> <span class='ocrx_word' id='word_1_209' title='bbox 494 2742 561 2792; x_wconf 73' lang='lat' dir='ltr'><strong>enlm</strong></span> <span class='ocrx_word' id='word_1_210' title='bbox 573 2738 683 2802; x_wconf 70' lang='lat' dir='ltr'><strong>iusignia</strong></span> <span class='ocrx_word' id='word_1_211' title='bbox 695 2737 773 2787; x_wconf 67' lang='lat' dir='ltr'><strong>valiis</strong></span> <span class='ocrx_word' id='word_1_212' title='bbox 785 2738 838 2787; x_wconf 70' lang='lat' dir='ltr'><strong>dni·</strong></span> <span class='ocrx_word' id='word_1_213' title='bbox 877 2745 961 2796; x_wconf 71' lang='lat' dir='ltr'><strong>litein</strong></span> <span class='ocrx_word' id='word_1_214' title='bbox 972 2747 1061 2797; x_wconf 74' lang='lat' dir='ltr'><strong>urbem</strong></span> <span class='ocrx_word' id='word_1_215' title='bbox 1077 2747 1207 2798; x_wconf 74' lang='lat' dir='ltr'><strong>inductus,</strong></span> <span class='ocrx_word' id='word_1_216' title='bbox 1239 2749 1325 2813; x_wconf 70' lang='lat' dir='ltr'><strong>Trojae</strong></span> <span class='ocrx_word' id='word_1_217' title='bbox 1345 2750 1405 2799; x_wconf 76' lang='lat' dir='ltr'><strong>reli.</strong></span> 
     </span>
     <span class='ocr_line' id='line_1_27' title="bbox 311 2813 1405 2888; baseline 0.012 -26"><span class='ocrx_word' id='word_1_218' title='bbox 311 2813 511 2874; x_wconf 79' lang='lat' dir='ltr'><strong>maiinmfignris</strong></span> <span class='ocrx_word' id='word_1_219' title='bbox 522 2815 644 2863; x_wconf 90' lang='lat' dir='ltr'><strong>distinctu</strong></span> <span class='ocrx_word' id='word_1_220' title='bbox 656 2813 794 2863; x_wconf 85' lang='lat' dir='ltr'><strong>cernimus.</strong></span> <span class='ocrx_word' id='word_1_221' title='bbox 877 2821 950 2885; x_wconf 71' lang='lat' dir='ltr'><strong>quin</strong></span> <span class='ocrx_word' id='word_1_222' title='bbox 960 2821 1072 2872; x_wconf 82' lang='lat' dir='ltr'><strong>incolere</strong></span> <span class='ocrx_word' id='word_1_223' title='bbox 1092 2837 1139 2886; x_wconf 82' lang='lat' dir='ltr'><strong>per</strong></span> <span class='ocrx_word' id='word_1_224' title='bbox 1156 2823 1264 2873; x_wconf 69' lang='lat' dir='ltr'><strong>Graecos</strong></span> <span class='ocrx_word' id='word_1_225' title='bbox 1279 2838 1337 2874; x_wconf 82' lang='lat' dir='ltr'><strong>com</strong></span> <span class='ocrx_word' id='word_1_226' title='bbox 1354 2825 1405 2888; x_wconf 82' lang='lat' dir='ltr'><strong>ipsi</strong></span> 
     </span>
     <span class='ocr_line' id='line_1_28' title="bbox 344 2886 1406 2964; baseline 0.013 -28"><span class='ocrx_word' id='word_1_227' title='bbox 344 2886 526 2951; x_wconf 81' lang='lat' dir='ltr'><strong>lSopplicutio]</strong></span> <span class='ocrx_word' id='word_1_228' title='bbox 559 2889 665 2951; x_wconf 78' lang='lat' dir='ltr'><strong>Duplex</strong></span> <span class='ocrx_word' id='word_1_229' title='bbox 683 2886 750 2938; x_wconf 78' lang='lat' dir='ltr'><strong>suit:</strong></span> <span class='ocrx_word' id='word_1_230' title='bbox 779 2903 839 2950; x_wconf 74' lang='lat' dir='ltr'><strong>utta,</strong></span> <span class='ocrx_word' id='word_1_231' title='bbox 878 2897 984 2948; x_wconf 84' lang='lat' dir='ltr'><strong>liceret:</strong></span> <span class='ocrx_word' id='word_1_232' title='bbox 1012 2912 1058 2948; x_wconf 90' lang='lat' dir='ltr'><strong>seu</strong></span> <span class='ocrx_word' id='word_1_233' title='bbox 1075 2898 1144 2962; x_wconf 88' lang='lat' dir='ltr'><strong>quod</strong></span> <span class='ocrx_word' id='word_1_234' title='bbox 1170 2899 1332 2964; x_wconf 80' lang='lat' dir='ltr'><strong>Polyxenam</strong></span> <span class='ocrx_word' id='word_1_235' title='bbox 1359 2916 1406 2964; x_wconf 89' lang='lat' dir='ltr'><strong>pro</strong></span> 
     </span>
     <span class='ocr_line' id='line_1_29' title="bbox 311 2962 1405 3038; baseline 0.005 -17"><span class='ocrx_word' id='word_1_236' title='bbox 311 2978 370 3028; x_wconf 71' lang='lat' dir='ltr'><strong>rua</strong></span> <span class='ocrx_word' id='word_1_237' title='bbox 379 2962 505 3012; x_wconf 74' lang='lat' dir='ltr'><strong>Praetoris</strong></span> <span class='ocrx_word' id='word_1_238' title='bbox 523 2962 611 3012; x_wconf 80' lang='lat' dir='ltr'><strong>edicto</strong></span> <span class='ocrx_word' id='word_1_239' title='bbox 631 2970 707 3013; x_wconf 75' lang='lat' dir='ltr'><strong>extra</strong></span> <span class='ocrx_word' id='word_1_240' title='bbox 723 2962 839 3014; x_wconf 82' lang='lat' dir='ltr'><strong>ordinem</strong></span> <span class='ocrx_word' id='word_1_241' title='bbox 878 2971 1045 3023; x_wconf 79' lang='lat' dir='ltr'><strong>fettctreoitu</strong></span> <span class='ocrx_word' id='word_1_242' title='bbox 1057 2973 1236 3024; x_wconf 79' lang='lat' dir='ltr'><strong>immolandam</strong></span> <span class='ocrx_word' id='word_1_243' title='bbox 1247 2975 1352 3038; x_wconf 70' lang='lat' dir='ltr'><strong>spudeo</strong></span> <span class='ocrx_word' id='word_1_244' title='bbox 1363 2990 1405 3026; x_wconf 83' lang='lat' dir='ltr'><strong>oc-</strong></span> 
     </span>
     <span class='ocr_line' id='line_1_30' title="bbox 310 3038 1406 3115; baseline 0 -27"><span class='ocrx_word' id='word_1_245' title='bbox 310 3038 409 3088; x_wconf 76' lang='lat' dir='ltr'><strong>flebate</strong></span> <span class='ocrx_word' id='word_1_246' title='bbox 426 3038 840 3100; x_wconf 83' lang='lat' dir='ltr'><strong>altera‚curuProrinciarumseu</strong></span> <span class='ocrx_word' id='word_1_247' title='bbox 879 3049 1013 3112; x_wconf 57' lang='lat' dir='ltr'><strong>corruget,</strong></span> <span class='ocrx_word' id='word_1_248' title='bbox 1032 3049 1065 3099; x_wconf 59' lang='lat' dir='ltr'><strong>ab</strong></span> <span class='ocrx_word' id='word_1_249' title='bbox 1086 3048 1280 3112; x_wconf 60' lang='lat' dir='ltr'><strong>Agamemnone</strong></span> <span class='ocrx_word' id='word_1_250' title='bbox 1297 3051 1406 3115; x_wconf 59' lang='lat' dir='ltr'><strong>ejecta„</strong></span> 
     </span>
     <span class='ocr_line' id='line_1_31' title="bbox 313 3114 1408 3188; baseline 0.002 -24"><span class='ocrx_word' id='word_1_251' title='bbox 313 3114 484 3164; x_wconf 85' lang='lat' dir='ltr'><strong>Proconsules</strong></span> <span class='ocrx_word' id='word_1_252' title='bbox 501 3128 546 3163; x_wconf 88' lang='lat' dir='ltr'><strong>seu</strong></span> <span class='ocrx_word' id='word_1_253' title='bbox 564 3115 744 3178; x_wconf 82' lang='lat' dir='ltr'><strong>Propraetores</strong></span> <span class='ocrx_word' id='word_1_254' title='bbox 766 3116 838 3166; x_wconf 85' lang='lat' dir='ltr'><strong>anri·</strong></span> <span class='ocrx_word' id='word_1_255' title='bbox 878 3131 909 3174; x_wconf 83' lang='lat' dir='ltr'><strong>ut</strong></span> <span class='ocrx_word' id='word_1_256' title='bbox 920 3125 1008 3188; x_wconf 64' lang='lat' dir='ltr'><strong>placet</strong></span> <span class='ocrx_word' id='word_1_257' title='bbox 1023 3125 1131 3185; x_wconf 57' lang='lat' dir='ltr'><strong>Darem</strong></span> <span class='ocrx_word' id='word_1_258' title='bbox 1155 3127 1196 3175; x_wconf 68' lang='lat' dir='ltr'><strong>vet</strong></span> <span class='ocrx_word' id='word_1_259' title='bbox 1215 3125 1248 3174; x_wconf 66' lang='lat' dir='ltr'><strong>ab</strong></span> <span class='ocrx_word' id='word_1_260' title='bbox 1264 3124 1408 3188; x_wconf 60' lang='lat' dir='ltr'><strong>Aureum,</strong></span> 
     </span>
     <span class='ocr_line' id='line_1_32' title="bbox 310 3189 1406 3264; baseline 0.008 -22"><span class='ocrx_word' id='word_1_261' title='bbox 310 3191 399 3243; x_wconf 91' lang='lat' dir='ltr'><strong>litibus</strong></span> <span class='ocrx_word' id='word_1_262' title='bbox 411 3191 444 3240; x_wconf 95' lang='lat' dir='ltr'><strong>ob</strong></span> <span class='ocrx_word' id='word_1_263' title='bbox 455 3189 590 3240; x_wconf 80' lang='lat' dir='ltr'><strong>victoriam</strong></span> <span class='ocrx_word' id='word_1_264' title='bbox 607 3191 782 3254; x_wconf 82' lang='lat' dir='ltr'><strong>Imperatores</strong></span> <span class='ocrx_word' id='word_1_265' title='bbox 793 3208 839 3256; x_wconf 90' lang='lat' dir='ltr'><strong>up·</strong></span> <span class='ocrx_word' id='word_1_266' title='bbox 879 3199 947 3261; x_wconf 84' lang='lat' dir='ltr'><strong>quod</strong></span> <span class='ocrx_word' id='word_1_267' title='bbox 966 3200 992 3248; x_wconf 90' lang='lat' dir='ltr'><strong>in</strong></span> <span class='ocrx_word' id='word_1_268' title='bbox 1008 3199 1092 3264; x_wconf 84' lang='lat' dir='ltr'><strong>ipsum</strong></span> <span class='ocrx_word' id='word_1_269' title='bbox 1111 3201 1233 3263; x_wconf 83' lang='lat' dir='ltr'><strong>populum</strong></span> <span class='ocrx_word' id='word_1_270' title='bbox 1254 3202 1406 3262; x_wconf 81' lang='lat' dir='ltr'><strong>concitaret,</strong></span> 
     </span>
     <span class='ocr_line' id='line_1_33' title="bbox 313 3265 1405 3336; baseline -0.002 -20"><span class='ocrx_word' id='word_1_271' title='bbox 313 3266 403 3330; x_wconf 90' lang='lat' dir='ltr'><strong>pellati</strong></span> <span class='ocrx_word' id='word_1_272' title='bbox 421 3266 549 3314; x_wconf 86' lang='lat' dir='ltr'><strong>laureatas</strong></span> <span class='ocrx_word' id='word_1_273' title='bbox 568 3266 656 3314; x_wconf 82' lang='lat' dir='ltr'><strong>literas</strong></span> <span class='ocrx_word' id='word_1_274' title='bbox 673 3265 705 3314; x_wconf 93' lang='lat' dir='ltr'><strong>ad</strong></span> <span class='ocrx_word' id='word_1_275' title='bbox 716 3266 839 3314; x_wconf 83' lang='lat' dir='ltr'><strong>Senatum</strong></span> <span class='ocrx_word' id='word_1_276' title='bbox 879 3279 909 3322; x_wconf 81' lang='lat' dir='ltr'><strong>ut</strong></span> <span class='ocrx_word' id='word_1_277' title='bbox 921 3273 1239 3336; x_wconf 65' lang='lat' dir='ltr'><strong>vnit·l)icty³cmemi.;</strong></span> <span class='ocrx_word' id='word_1_278' title='bbox 1263 3275 1288 3323; x_wconf 77' lang='lat' dir='ltr'><strong>ln</strong></span> <span class='ocrx_word' id='word_1_279' title='bbox 1300 3274 1405 3325; x_wconf 55' lang='lat' dir='ltr'><strong>ltaliam</strong></span> 
     </span>
     <span class='ocr_line' id='line_1_34' title="bbox 312 3339 1065 3410; baseline 0.008 -20"><span class='ocrx_word' id='word_1_280' title='bbox 312 3341 462 3400; x_wconf 79' lang='lat' dir='ltr'><strong>mittereut3</strong></span> <span class='ocrx_word' id='word_1_281' title='bbox 494 3339 595 3404; x_wconf 88' lang='lat' dir='ltr'><strong>quibus,</strong></span> <span class='ocrx_word' id='word_1_282' title='bbox 623 3345 651 3387; x_wconf 82' lang='lat' dir='ltr'><strong>et</strong></span> <span class='ocrx_word' id='word_1_283' title='bbox 671 3339 839 3402; x_wconf 85' lang='lat' dir='ltr'><strong>Imperatoris</strong></span> <span class='ocrx_word' id='word_1_284' title='bbox 880 3347 990 3410; x_wconf 76' lang='lat' dir='ltr'><strong>appulit.</strong></span> <span class='ocrx_word' id='word_1_285' title='bbox 1063 3375 1065 3380; x_wconf 95' lang='lat'>·</span> 
     </span>
     <span class='ocr_line' id='line_1_35' title="bbox 312 3411 1406 3483; baseline 0.008 -19"><span class='ocrx_word' id='word_1_286' title='bbox 312 3427 418 3478; x_wconf 78' lang='lat' dir='ltr'><strong>nomen,</strong></span> <span class='ocrx_word' id='word_1_287' title='bbox 433 3421 462 3463; x_wconf 87' lang='lat' dir='ltr'><strong>et</strong></span> <span class='ocrx_word' id='word_1_288' title='bbox 479 3411 692 3476; x_wconf 83' lang='lat' dir='ltr'><strong>supplicationem</strong></span> <span class='ocrx_word' id='word_1_289' title='bbox 717 3412 839 3475; x_wconf 89' lang='lat' dir='ltr'><strong>deposce·</strong></span> <span class='ocrx_word' id='word_1_290' title='bbox 909 3427 928 3453; x_wconf 62' lang='grc' dir='ltr'>π</span> <span class='ocrx_word' id='word_1_291' title='bbox 939 3419 1021 3482; x_wconf 68' lang='lat' dir='ltr'><strong>Ma]</strong></span> <span class='ocrx_word' id='word_1_292' title='bbox 1037 3419 1158 3482; x_wconf 72' lang='lat' dir='ltr'><strong>Phrygia</strong></span> <span class='ocrx_word' id='word_1_293' title='bbox 1174 3419 1279 3472; x_wconf 84' lang='lat' dir='ltr'><strong>minoris</strong></span> <span class='ocrx_word' id='word_1_294' title='bbox 1289 3421 1406 3483; x_wconf 81' lang='lat' dir='ltr'><strong>civitate,</strong></span> 
     </span>
     <span class='ocr_line' id='line_1_36' title="bbox 313 3486 1405 3561; baseline 0.007 -24"><span class='ocrx_word' id='word_1_295' title='bbox 313 3496 389 3539; x_wconf 86' lang='lat' dir='ltr'><strong>rent:</strong></span> <span class='ocrx_word' id='word_1_296' title='bbox 407 3497 461 3539; x_wconf 87' lang='lat' dir='ltr'><strong>tum</strong></span> <span class='ocrx_word' id='word_1_297' title='bbox 472 3486 572 3538; x_wconf 88' lang='lat' dir='ltr'><strong>solebat</strong></span> <span class='ocrx_word' id='word_1_298' title='bbox 581 3487 691 3535; x_wconf 85' lang='lat' dir='ltr'><strong>Senatus</strong></span> <span class='ocrx_word' id='word_1_299' title='bbox 701 3487 775 3536; x_wconf 84' lang='lat' dir='ltr'><strong>adire</strong></span> <span class='ocrx_word' id='word_1_300' title='bbox 786 3489 838 3538; x_wconf 86' lang='lat' dir='ltr'><strong>De·</strong></span> <span class='ocrx_word' id='word_1_301' title='bbox 878 3507 929 3542; x_wconf 89' lang='lat' dir='ltr'><strong>non</strong></span> <span class='ocrx_word' id='word_1_302' title='bbox 939 3494 1029 3556; x_wconf 88' lang='lat' dir='ltr'><strong>procui</strong></span> <span class='ocrx_word' id='word_1_303' title='bbox 1040 3507 1055 3540; x_wconf 90' lang='lat' dir='ltr'><strong>a</strong></span> <span class='ocrx_word' id='word_1_304' title='bbox 1066 3499 1153 3542; x_wconf 86' lang='lat' dir='ltr'><strong>monte</strong></span> <span class='ocrx_word' id='word_1_305' title='bbox 1167 3493 1226 3560; x_wconf 87' lang='lat' dir='ltr'><strong>Ida,</strong></span> <span class='ocrx_word' id='word_1_306' title='bbox 1244 3511 1300 3561; x_wconf 70' lang='lat' dir='ltr'><strong>qne</strong></span> <span class='ocrx_word' id='word_1_307' title='bbox 1313 3513 1328 3546; x_wconf 89' lang='lat' dir='ltr'><strong>a</strong></span> <span class='ocrx_word' id='word_1_308' title='bbox 1339 3499 1405 3547; x_wconf 88' lang='lat' dir='ltr'><strong>Dar·</strong></span> 
     </span>
     <span class='ocr_line' id='line_1_37' title="bbox 311 3559 1404 3636; baseline 0.006 -23"><span class='ocrx_word' id='word_1_309' title='bbox 311 3577 384 3613; x_wconf 91' lang='lat' dir='ltr'><strong>orum</strong></span> <span class='ocrx_word' id='word_1_310' title='bbox 402 3563 508 3625; x_wconf 86' lang='lat' dir='ltr'><strong>templa,</strong></span> <span class='ocrx_word' id='word_1_311' title='bbox 524 3560 620 3624; x_wconf 78' lang='lat' dir='ltr'><strong>gratias</strong></span> <span class='ocrx_word' id='word_1_312' title='bbox 640 3573 727 3623; x_wconf 77' lang='lat' dir='ltr'><strong>agere,</strong></span> <span class='ocrx_word' id='word_1_313' title='bbox 744 3559 838 3610; x_wconf 84' lang='lat' dir='ltr'><strong>offerre</strong></span> <span class='ocrx_word' id='word_1_314' title='bbox 876 3568 946 3616; x_wconf 78' lang='lat' dir='ltr'><strong>dano</strong></span> <span class='ocrx_word' id='word_1_315' title='bbox 960 3567 1102 3631; x_wconf 87' lang='lat' dir='ltr'><strong>Dardania,</strong></span> <span class='ocrx_word' id='word_1_316' title='bbox 1120 3569 1201 3634; x_wconf 83' lang='lat' dir='ltr'><strong>Troja</strong></span> <span class='ocrx_word' id='word_1_317' title='bbox 1212 3571 1314 3636; x_wconf 75' lang='lat' dir='ltr'><strong>a&#39;l&#39;ro&#39;e‚</strong></span> <span class='ocrx_word' id='word_1_318' title='bbox 1334 3571 1404 3620; x_wconf 82' lang='lat' dir='ltr'><strong>ereb</strong></span> 
     </span>
     <span class='ocr_line' id='line_1_38' title="bbox 312 3636 1402 3710; baseline -0.005 -22"><span class='ocrx_word' id='word_1_319' title='bbox 312 3639 447 3701; x_wconf 84' lang='lat' dir='ltr'><strong>sacrificia,</strong></span> <span class='ocrx_word' id='word_1_320' title='bbox 456 3645 518 3688; x_wconf 87' lang='lat' dir='ltr'><strong>rota</strong></span> <span class='ocrx_word' id='word_1_321' title='bbox 533 3636 629 3699; x_wconf 78' lang='lat' dir='ltr'><strong>iacere,</strong></span> <span class='ocrx_word' id='word_1_322' title='bbox 646 3638 709 3686; x_wconf 86' lang='lat' dir='ltr'><strong>dare</strong></span> <span class='ocrx_word' id='word_1_323' title='bbox 725 3639 837 3703; x_wconf 88' lang='lat' dir='ltr'><strong>epulum,</strong></span> <span class='ocrx_word' id='word_1_324' title='bbox 877 3644 918 3694; x_wconf 89' lang='lat' dir='ltr'><strong>llo</strong></span> <span class='ocrx_word' id='word_1_325' title='bbox 932 3643 1009 3694; x_wconf 89' lang='lat' dir='ltr'><strong>Ilium</strong></span> <span class='ocrx_word' id='word_1_326' title='bbox 1029 3645 1170 3710; x_wconf 86' lang='lat' dir='ltr'><strong>appellata,</strong></span> <span class='ocrx_word' id='word_1_327' title='bbox 1181 3647 1316 3699; x_wconf 65' lang='lat' dir='ltr'><strong>decennali</strong></span> <span class='ocrx_word' id='word_1_328' title='bbox 1330 3647 1402 3694; x_wconf 71' lang='grc' dir='ltr'><strong>οη.</strong></span> 
     </span>
     <span class='ocr_line' id='line_1_39' title="bbox 312 3711 1220 3777; baseline 0 -16"><span class='ocrx_word' id='word_1_329' title='bbox 312 3712 368 3762; x_wconf 92' lang='lat' dir='ltr'><strong>dies</strong></span> <span class='ocrx_word' id='word_1_330' title='bbox 384 3713 467 3763; x_wconf 84' lang='lat' dir='ltr'><strong>festos</strong></span> <span class='ocrx_word' id='word_1_331' title='bbox 485 3713 627 3772; x_wconf 85' lang='lat' dir='ltr'><strong>celebrare,</strong></span> <span class='ocrx_word' id='word_1_332' title='bbox 645 3711 722 3760; x_wconf 92' lang='lat' dir='ltr'><strong>modo</strong></span> <span class='ocrx_word' id='word_1_333' title='bbox 740 3712 837 3777; x_wconf 87' lang='lat' dir='ltr'><strong>plures,</strong></span> <span class='ocrx_word' id='word_1_334' title='bbox 878 3732 964 3768; x_wconf 75' lang='lat' dir='ltr'><strong>eorum</strong></span> <span class='ocrx_word' id='word_1_335' title='bbox 977 3719 1108 3768; x_wconf 70' lang='lat' dir='ltr'><strong>obsidione</strong></span> <span class='ocrx_word' id='word_1_336' title='bbox 1117 3721 1220 3772; x_wconf 50' lang='lat' dir='ltr'><strong>nobili„</strong></span> 
     </span>
     <span class='ocr_line' id='line_1_40' title="bbox 312 3788 1403 3857; baseline 0.002 -19"><span class='ocrx_word' id='word_1_337' title='bbox 312 3789 389 3838; x_wconf 83' lang='lat' dir='ltr'><strong>modo</strong></span> <span class='ocrx_word' id='word_1_338' title='bbox 418 3789 564 3852; x_wconf 86' lang='lat' dir='ltr'><strong>panciores,</strong></span> <span class='ocrx_word' id='word_1_339' title='bbox 592 3801 639 3850; x_wconf 93' lang='lat' dir='ltr'><strong>pro</strong></span> <span class='ocrx_word' id='word_1_340' title='bbox 664 3788 790 3852; x_wconf 75' lang='lat' dir='ltr'><strong>dignitate</strong></span> <span class='ocrx_word' id='word_1_341' title='bbox 811 3797 839 3842; x_wconf 88' lang='lat' dir='ltr'><strong>ct</strong></span> <span class='ocrx_word' id='word_1_342' title='bbox 910 3795 1046 3857; x_wconf 64' lang='lat' dir='ltr'><strong>suune]</strong></span> <span class='ocrx_word' id='word_1_343' title='bbox 1063 3795 1131 3846; x_wconf 87' lang='lat' dir='ltr'><strong>Urbs</strong></span> <span class='ocrx_word' id='word_1_344' title='bbox 1141 3797 1202 3845; x_wconf 90' lang='lat' dir='ltr'><strong>olinr</strong></span> <span class='ocrx_word' id='word_1_345' title='bbox 1211 3793 1261 3844; x_wconf 81' lang='lat' dir='ltr'><strong>fuit</strong></span> <span class='ocrx_word' id='word_1_346' title='bbox 1279 3789 1347 3839; x_wconf 87' lang='lat' dir='ltr'><strong>Latii</strong></span> <span class='ocrx_word' id='word_1_347' title='bbox 1364 3791 1403 3840; x_wconf 90' lang='lat' dir='ltr'><strong>in·</strong></span> 
     </span>
     <span class='ocr_line' id='line_1_41' title="bbox 314 3862 1403 3927; baseline -0.001 -9"><span class='ocrx_word' id='word_1_348' title='bbox 314 3863 417 3913; x_wconf 70' lang='lat' dir='ltr'><strong>victoris</strong></span> <span class='ocrx_word' id='word_1_349' title='bbox 429 3871 457 3913; x_wconf 78' lang='lat' dir='ltr'><strong>et</strong></span> <span class='ocrx_word' id='word_1_350' title='bbox 470 3862 594 3913; x_wconf 74' lang='lat' dir='ltr'><strong>victoriae·</strong></span> <span class='ocrx_word' id='word_1_351' title='bbox 787 3915 793 3926; x_wconf 86' lang='grc'><strong>,</strong></span> <span class='ocrx_word' id='word_1_352' title='bbox 878 3875 919 3918; x_wconf 84' lang='lat' dir='ltr'><strong>ter</strong></span> <span class='ocrx_word' id='word_1_353' title='bbox 931 3869 1033 3918; x_wconf 89' lang='lat' dir='ltr'><strong>Ostiam</strong></span> <span class='ocrx_word' id='word_1_354' title='bbox 1045 3877 1073 3921; x_wconf 90' lang='lat' dir='ltr'><strong>et</strong></span> <span class='ocrx_word' id='word_1_355' title='bbox 1090 3870 1203 3919; x_wconf 85' lang='lat' dir='ltr'><strong>Velitras</strong></span> <span class='ocrx_word' id='word_1_356' title='bbox 1220 3879 1270 3917; x_wconf 89' lang='lat' dir='ltr'><strong>non</strong></span> <span class='ocrx_word' id='word_1_357' title='bbox 1287 3866 1403 3927; x_wconf 86' lang='lat' dir='ltr'><strong>procula</strong></span> 
     </span>
     <span class='ocr_line' id='line_1_42' title="bbox 344 3937 1356 4004; baseline 0.003 -16"><span class='ocrx_word' id='word_1_358' title='bbox 344 3937 464 3990; x_wconf 74' lang='lat' dir='ltr'><strong>iPorrutos</strong></span> <span class='ocrx_word' id='word_1_359' title='bbox 473 3939 550 4002; x_wconf 85' lang='lat' dir='ltr'><strong>Deos]</strong></span> <span class='ocrx_word' id='word_1_360' title='bbox 566 3938 612 3988; x_wconf 89' lang='lat' dir='ltr'><strong>Dii</strong></span> <span class='ocrx_word' id='word_1_361' title='bbox 621 3937 733 3987; x_wconf 85' lang='lat' dir='ltr'><strong>Penates</strong></span> <span class='ocrx_word' id='word_1_362' title='bbox 741 3939 759 3988; x_wconf 84' lang='lat' dir='ltr'><strong>ii</strong></span> <span class='ocrx_word' id='word_1_363' title='bbox 768 3948 839 4003; x_wconf 86' lang='lat' dir='ltr'><strong>sunt,</strong></span> <span class='ocrx_word' id='word_1_364' title='bbox 878 3944 952 4004; x_wconf 81' lang='lat' dir='ltr'><strong>utari,</strong></span> <span class='ocrx_word' id='word_1_365' title='bbox 964 3943 996 3993; x_wconf 90' lang='lat' dir='ltr'><strong>ab</strong></span> <span class='ocrx_word' id='word_1_366' title='bbox 1007 3944 1086 3994; x_wconf 84' lang='lat' dir='ltr'><strong>AEnea</strong></span> <span class='ocrx_word' id='word_1_367' title='bbox 1097 3943 1209 3994; x_wconf 88' lang='lat' dir='ltr'><strong>condita.</strong></span> <span class='ocrx_word' id='word_1_368' title='bbox 1351 3989 1356 3998; x_wconf 84' lang='lat'><em>,</em></span> 
     </span>
     <span class='ocr_line' id='line_1_43' title="bbox 312 4011 1402 4082; baseline -0.001 -23"><span class='ocrx_word' id='word_1_369' title='bbox 312 4023 430 4076; x_wconf 86' lang='lat' dir='ltr'><strong>perquos</strong></span> <span class='ocrx_word' id='word_1_370' title='bbox 439 4015 542 4077; x_wconf 87' lang='lat' dir='ltr'><strong>penitus</strong></span> <span class='ocrx_word' id='word_1_371' title='bbox 551 4013 678 4076; x_wconf 83' lang='lat' dir='ltr'><strong>spiramus</strong></span> <span class='ocrx_word' id='word_1_372' title='bbox 686 4020 714 4063; x_wconf 86' lang='lat' dir='ltr'><strong>ct</strong></span> <span class='ocrx_word' id='word_1_373' title='bbox 722 4015 839 4079; x_wconf 82' lang='lat' dir='ltr'><strong>vivimus,</strong></span> <span class='ocrx_word' id='word_1_374' title='bbox 910 4020 1046 4082; x_wconf 74' lang='grc' dir='ltr'><strong>οΑεωιιίο]</strong></span> <span class='ocrx_word' id='word_1_375' title='bbox 1069 4019 1120 4070; x_wconf 79' lang='lat' dir='ltr'><strong>Qut</strong></span> <span class='ocrx_word' id='word_1_376' title='bbox 1137 4015 1208 4078; x_wconf 74' lang='lat' dir='ltr'><strong>regni</strong></span> <span class='ocrx_word' id='word_1_377' title='bbox 1227 4011 1314 4063; x_wconf 82' lang='lat' dir='ltr'><strong>sedent</strong></span> <span class='ocrx_word' id='word_1_378' title='bbox 1328 4017 1402 4067; x_wconf 69' lang='lat' dir='ltr'><strong>ah.</strong></span> 
     </span>
     <span class='ocr_line' id='line_1_44' title="bbox 312 4086 1403 4157; baseline 0.013 -29"><span class='ocrx_word' id='word_1_379' title='bbox 312 4086 500 4136; x_wconf 82' lang='lat' dir='ltr'><strong>exMocrobio.</strong></span> <span class='ocrx_word' id='word_1_380' title='bbox 526 4087 617 4138; x_wconf 82' lang='lat' dir='ltr'><strong>Tradit</strong></span> <span class='ocrx_word' id='word_1_381' title='bbox 630 4090 723 4139; x_wconf 86' lang='lat' dir='ltr'><strong>Cicero</strong></span> <span class='ocrx_word' id='word_1_382' title='bbox 737 4091 773 4139; x_wconf 84' lang='lat' dir='ltr'><strong>sic</strong></span> <span class='ocrx_word' id='word_1_383' title='bbox 785 4091 838 4139; x_wconf 89' lang='lat' dir='ltr'><strong>dic·</strong></span> <span class='ocrx_word' id='word_1_384' title='bbox 878 4092 947 4140; x_wconf 87' lang='lat' dir='ltr'><strong>vinio</strong></span> <span class='ocrx_word' id='word_1_385' title='bbox 969 4093 1002 4140; x_wconf 87' lang='lat' dir='ltr'><strong>ad</strong></span> <span class='ocrx_word' id='word_1_386' title='bbox 1025 4092 1125 4152; x_wconf 85' lang='lat' dir='ltr'><strong>Albam,</strong></span> <span class='ocrx_word' id='word_1_387' title='bbox 1144 4102 1219 4152; x_wconf 84' lang='lat' dir='ltr'><strong>quam</strong></span> <span class='ocrx_word' id='word_1_388' title='bbox 1240 4088 1403 4157; x_wconf 84' lang='lat' dir='ltr'><strong>condiderat,</strong></span> 
     </span>
     <span class='ocr_line' id='line_1_45' title="bbox 314 4161 1022 4226; baseline 0.013 -24"><span class='ocrx_word' id='word_1_389' title='bbox 314 4161 354 4203; x_wconf 93' lang='lat' dir='ltr'><strong>tos</strong></span> <span class='ocrx_word' id='word_1_390' title='bbox 363 4171 379 4203; x_wconf 87' lang='lat' dir='ltr'><strong>u</strong></span> <span class='ocrx_word' id='word_1_391' title='bbox 390 4171 473 4218; x_wconf 82' lang='lat' dir='ltr'><strong>penu3</strong></span> <span class='ocrx_word' id='word_1_392' title='bbox 490 4175 540 4222; x_wconf 91' lang='lat' dir='ltr'><strong>qno</strong></span> <span class='ocrx_word' id='word_1_393' title='bbox 549 4161 710 4223; x_wconf 77' lang='lat' dir='ltr'><strong>significatur</strong></span> <span class='ocrx_word' id='word_1_394' title='bbox 720 4163 745 4211; x_wconf 92' lang='lat' dir='ltr'><strong>id</strong></span> <span class='ocrx_word' id='word_1_395' title='bbox 754 4178 839 4226; x_wconf 87' lang='lat' dir='ltr'><strong>omne,</strong></span> <span class='ocrx_word' id='word_1_396' title='bbox 879 4164 1022 4214; x_wconf 87' lang='lat' dir='ltr'><strong>transtulit.</strong></span> 
     </span>
     <span class='ocr_line' id='line_1_46' title="bbox 312 4233 1401 4300; baseline 0.008 -20"><span class='ocrx_word' id='word_1_397' title='bbox 312 4245 363 4297; x_wconf 89' lang='lat' dir='ltr'><strong>quo</strong></span> <span class='ocrx_word' id='word_1_398' title='bbox 385 4233 519 4285; x_wconf 80' lang='lat' dir='ltr'><strong>vescimur.</strong></span> <span class='ocrx_word' id='word_1_399' title='bbox 561 4238 644 4287; x_wconf 80' lang='lat' dir='ltr'><strong>Erant</strong></span> <span class='ocrx_word' id='word_1_400' title='bbox 664 4241 776 4288; x_wconf 87' lang='lat' dir='ltr'><strong>Penates</strong></span> <span class='ocrx_word' id='word_1_401' title='bbox 795 4240 838 4287; x_wconf 89' lang='lat' dir='ltr'><strong>ulii</strong></span> <span class='ocrx_word' id='word_1_402' title='bbox 909 4234 1181 4300; x_wconf 64' lang='lat' dir='ltr'><strong>clarmuntem:</strong></span> <span class='ocrx_word' id='word_1_403' title='bbox 1199 4238 1271 4291; x_wconf 83' lang='lat' dir='ltr'><strong>dicte</strong></span> <span class='ocrx_word' id='word_1_404' title='bbox 1281 4246 1322 4291; x_wconf 78' lang='lat' dir='ltr'><strong>est</strong></span> <span class='ocrx_word' id='word_1_405' title='bbox 1333 4241 1401 4294; x_wconf 82' lang='lat' dir='ltr'><strong>Alba</strong></span> 
     </span>
    </p>
   </div>
   <div class='ocr_carea' id='block_1_7' title="bbox 0 0 1616 5162">
    <p class='ocr_par' dir='ltr' id='par_1_8' title="bbox 0 0 1616 5162">
     <span class='ocr_line' id='line_1_47' title="bbox 0 0 1616 5162; baseline 0 0"><span class='ocrx_word' id='word_1_406' title='bbox 0 0 1616 5162; x_wconf 95' lang='lat' dir='ltr'><strong> </strong></span> 
     </span>
    </p>
   </div>
   <div class='ocr_carea' id='block_1_8' title="bbox 1610 1889 1613 2614">
    <p class='ocr_par' dir='ltr' id='par_1_9' title="bbox 1610 1889 1613 2614">
     <span class='ocr_line' id='line_1_48' title="bbox 1610 1889 1613 2614; baseline 0 0"><span class='ocrx_word' id='word_1_407' title='bbox 1610 1889 1613 2614; x_wconf 95' lang='lat' dir='ltr'><strong> </strong></span> 
     </span>
    </p>
   </div>
  </div>
 </body>
</html>
