3386 5262
581 991 1287 1117 PRAEFATIO.

802 1312 1070 1330 μ

385 1554 509 1641 Auru
532 1575 655 1641 multos
676 1595 784 1640 annos
806 1594 881 1638 cum
897 1573 1069 1637 Valerium
1085 1570 1286 1649 Maximum,
1306 1569 1481 1654 cnjusnon

384 1697 515 1763 paucas
529 1679 711 1762 particulas
727 1678 870 1760 aprima
885 1676 999 1739 statim
1019 1675 1247 1740 adolescentia
1267 1673 1480 1752 edidiceram‚

387 1779 551 1846 Historiae
567 1799 672 1844 causa
686 1781 807 1843 iterum
821 1779 857 1841 in
870 1795 990 1842 manus
1005 1778 1214 1854 sumsissem,
1228 1783 1264 1843 et
1275 1776 1350 1859 ejus
1360 1793 1483 1840 noram

386 1881 586 1960 Editionem,
610 1901 686 1946 cum
702 1880 864 1944 studiosae
888 1878 1077 1961 juventutis
1104 1885 1173 1943 tum
1198 1878 1340 1942 aliorum
1363 1877 1484 1940 usibus

387 1985 686 2060 accommodatam,
701 2001 819 2066 parare
840 1980 933 2064 apud
953 1981 1099 2044 animum
1113 1981 1379 2059 constituissem
1400 1978 1486 2043 nihil

386 2084 468 2147 mihi
490 2088 606 2169 potius
628 2085 704 2161 fuit,
729 2101 831 2167 quam
855 2087 893 2146 ut
918 2101 996 2146 cum
1018 2082 1091 2165 ejus
1109 2083 1200 2164 stylo
1221 2080 1485 2146 familiaritatem

387 2183 533 2267 aliquam
550 2186 791 2264 contraherem,
817 2203 885 2269 quo
906 2185 942 2246 in
955 2185 1041 2248 locis
1064 2184 1178 2247 dubiis
1201 2183 1358 2244 sanandis
1373 2189 1407 2246 et
1424 2201 1485 2245 ex-

387 2287 553 2368 plicandis
575 2288 686 2351 minus
711 2307 733 2348 a
752 2287 890 2348 veritate
913 2285 1110 2345 aberrarem.
1154 2281 1279 2342 'l'otum
1301 2281 1487 2360 igiturVa-

387 2386 460 2447 lorii
481 2390 618 2458 textum,
640 2382 842 2464 posthabitis
867 2381 1023 2443 omnibus
1045 2381 1191 2442 virorum
1215 2379 1387 2444 doctorum
1414 2385 1486 2445 ani·

388 2482 685 2556 madversionihus,
698 2499 767 2542 uuo
789 2486 902 2542 tenore
928 2479 1057 2562 saepius
1080 2479 1218 2562 perlegi,
1243 2487 1276 2544 et
1301 2499 1377 2565 quar
1403 2485 1486 2548 mihi

388 2587 474 2650 inter
494 2581 671 2665 legendum
685 2582 739 2644 vel
764 2580 991 2663 explicatione
1006 2582 1061 2646 vel
1082 2582 1315 2648 emendatione
1328 2585 1487 2650 rideban-

388 2693 441 2751 tur
469 2685 626 2765 indigere,
661 2681 813 2747 studiose
841 2686 1009 2762 unnotavi,
1038 2685 1075 2748 in
1105 2685 1318 2770 schedasque
1346 2687 1485 2772 conjeci.

391 2786 493 2850 Natae
510 2791 589 2849 sunt
603 2783 726 2849 exinde
735 2783 897 2866 plnscnlae
910 2784 1062 2868 cujusvis
1076 2787 1207 2867 generis
1222 2789 1486 2866 ohservationes,

374 2906 475 2970 ,quas
489 2888 539 2950 uti
553 2885 712 2969 temporis
732 2884 820 2950 ratio
839 2885 976 2964 ferebat,
998 2887 1160 2969 paulatim
1182 2889 1275 2966 auxi,
1298 2891 1486 2968 emendavi,

389 2991 508 3055 melius
522 2990 656 3074 digessi,
670 2995 740 3065 ant,
753 2988 896 3054 rectiora
914 2989 1062 3068 edoctus,
1077 3009 1215 3074 prorsus
1224 2990 1344 3056 delevi.
1388 2992 1486 3068 Post,

388 3093 447 3157 ubi
460 3093 619 3177 pleraque
634 3093 719 3158 satis
732 3111 878 3156 excussa
888 3093 969 3157 mihi
982 3094 1183 3172 videbantur,
1197 3094 1294 3177 ipsos
1308 3093 1487 3161 Commen-

390 3195 497 3258 tarios
520 3195 614 3275 coepi
636 3193 825 3268 consulere,
851 3193 885 3254 in
909 3194 1025 3274 primis
1050 3195 1172 3274 Pighii,
1197 3193 1320 3271 Coleri,
1344 3195 1486 3275 Vorstii,

391 3294 570 3370 Perizonii‚
593 3294 822 3375 Torreniique,
850 3291 900 3375 (hi
923 3295 1011 3356 enirn
1033 3294 1068 3355 in
1087 3293 1216 3356 Valerii
1240 3294 1486 3378 Interpretihus

390 3395 491 3460 facile
504 3393 729 3476 principatum
739 3391 878 3475 tenent)
891 3392 1069 3470 Glareano‚
1087 3393 1247 3470 Conrado,
1260 3393 1392 3477 Lipsio‚
1403 3397 1487 3461 Bar-

391 3497 475 3572 thio,
491 3495 652 3578 Ruperto,
667 3495 812 3577 Gnyeto,
829 3494 955 3572 Gudio,
970 3495 1185 3574 Schultiugia
1201 3495 1344 3579 aliisque
1359 3498 1486 3576 multis

393 3599 450 3680 qui
471 3597 508 3670 ὠς
530 3599 557 3657 ἐν
581 3595 693 3683 παρόδῳ
714 3596 843 3660 Valerii
866 3587 967 3661 unum
992 3598 1173 3661 alterumve
1194 3597 1306 3662 locum
1336 3600 1486 3682 explica·

391 3703 519 3776 verant,
541 3717 607 3761 non
620 3697 785 3779 neglectis
829 3697 885 3760 Ex
898 3699 961 3776 hio,
979 3716 1056 3783 qnae
1072 3698 1116 3762 ad
1131 3698 1306 3764 Valerium
1319 3701 1488 3765 illustran-

393 3798 472 3861 dum
489 3798 601 3863 facere
615 3798 823 3874 videbantur,
838 3798 1011 3880 diligenter
1023 3801 1198 3884 excerpsi3
1222 3807 1267 3878 et,
1283 3801 1418 3866 omissis
1431 3802 1487 3881 iis,

393 3917 471 3980 quac
487 3899 530 3961 ad
546 3897 776 3964 ostentandam
790 3898 1019 3962 tantummodo
1033 3901 1248 3965 eruditionem
1263 3902 1352 3966 dicta
1366 3909 1489 3981 essent,

394 4004 455 4061 aut
469 4001 617 4064 auctoris
633 4000 811 4064 lectionem
830 4000 911 4063 nihil
932 3999 1100 4082 juvarent,
1125 4002 1293 4068 modicum
1316 4004 1488 4086 quoddam

395 4099 627 4179 corpusculum
638 4101 713 4176 feci,
726 4108 764 4165 ut
773 4101 915 4164 lectores
924 4100 957 4162 in
971 4102 1064 4165 brevi
1077 4105 1174 4185 quasi
1188 4105 1309 4168 tabella
1316 4103 1487 4183 haberent,

396 4216 471 4281 quae
486 4217 631 4280 unquam
651 4219 671 4262 a
686 4203 767 4266 viris
791 4202 900 4266 doctis
922 4202 965 4265 ad
979 4202 1153 4270 Valerium
1173 4205 1418 4289 explanandum
1433 4228 1487 4274 es-
