3266 5174
328 467 393 535 atto
636 479 793 529 vnnunrr
818 475 964 526 usxrnr
990 477 1061 524 nrn.
1077 473 1119 524 tr.
1185 509 1188 518 .

339 653 342 662 ¹
370 629 402 692 8.
424 621 584 708 Ejusdem
600 621 727 686 ordinis
741 628 831 698 est,²⁹
847 621 936 702 quod
951 620 1109 702 sequitur.
1152 619 1333 703 Papiriusl
1346 621 1418 686 dic-

327 737 424 802 tator,
439 741 514 790 cnm
539 722 700 786 adversus
720 721 896 802 imperium
922 719 996 802 ejus
1019 719 1062 797 Q.
1078 721 1206 784 Fabius
1225 723 1417 801 Rullianus,

326 827 483 908 magister
505 825 669 906 equitum,
693 821 873 884 exercitum
903 820 937 883 in
963 820 1069 883 aciem
1096 820 1291 899 eduxisset,i
1311 841 1417 905 qnan-

329 943 430 1010 quam
445 921 533 988 susis
548 923 750 987 Samnitibus
764 921 796 984 in
812 925 924 986 castra
937 920 1092 997 redierat,
1108 926 1335 1004 tamenneque
1350 925 1415 988 vir-

327 1035 397 1094 tute
414 1024 499 1108 ejuS,
522 1043 629 1106 neque
645 1040 820 1099 successu,
834 1039 941 1102 neque
965 1021 1138 1084 nobilitata
1158 1025 1277 1097 motus,
1305 1022 1418 1104 virgas

327 1126 487 1210 expediri,
498 1143 640 1206 eumque
654 1123 773 1186 nudari
790 1120 911 1206 jussit.j
958 1121 989 1186 Ο
1016 1121 1249 1205 spectaculum
1272 1119 1416 1186 admira-

327 1227 413 1292 bile!
436 1234 469 1292 et
483 1224 673 1302 Rullianus,
699 1230 733 1288 et
756 1223 915 1304 magister
929 1223 1091 1305 equitum,
1118 1226 1152 1285 et
1166 1221 1282 1295 victor,
1308 1220 1417 1286 scissa

327 1333 430 1402 reste,
457 1327 668 1410 spoliatoque
694 1342 845 1406 corpore,
868 1323 1023 1387 lictorum
1046 1322 1238 1387 verberibus
1263 1321 1415 1385 lacerari,

328 1429 410 1493 dus:
423 1437 449 1475 ³⁰
470 1435 508 1492 ut
538 1428 573 1490 in
597 1428 671 1490 acie
693 1433 913 1509 exceptorum
935 1425 1103 1489 vulnerum
1128 1423 1266 1486 nodosis
1290 1423 1416 1488 ictibus

327 1547 442 1593 cruore
455 1533 626 1604 renovato,
652 1526 877 1599 victoriarum,
906 1545 992 1609 quas
1017 1523 1117 1588 modo
1142 1525 1413 1608 speciosissimas

328 1629 472 1710 adeptus
486 1633 569 1704 erat,
596 1627 714 1691 titulos
728 1627 955 1708 respergeret!
998 1627 1159 1698 Precibus
1175 1625 1292 1689 deinde
1308 1625 1379 1690 suis
1390 1629 1417 1670 ³¹

330 1731 497 1792 exercitus
513 1728 725 1792 occasionem
742 1727 850 1791 Fabio
872 1726 1084 1808 confugiendi
1107 1727 1139 1789 in
1165 1727 1278 1790 urbem
1301 1723 1415 1806 dedit;

326 1829 384 1892 ubi
399 1828 520 1892 frustra
533 1832 666 1891 senatus
678 1826 842 1890 auxilium
856 1826 1055 1910 imploravit.
1078 1827 1193 1891 Nihilo
1204 1828 1313 1891 minus
1324 1829 1413 1892 anim

327 1927 484 2012 Papirius
502 1929 537 1991 in
551 1927 714 2010 exigenda
729 1944 832 2008 poena
847 1927 1086 2008 perseveravit.
1129 1927 1250 2008 Itaque
1272 1935 1414 1992 coactns

327 2037 376 2092 est
398 2037 491 2112 pater
518 2025 614 2112 ejus,k
640 2031 718 2111 post
746 2027 952 2105 dictaturam,
967 2028 1167 2110 tertiumque
1195 2029 1417 2106 consulatum,

326 2149 395 2193 rem
417 2130 459 2194 ad
482 2129 641 2213 populum
658 2119 831 2205 devocare,
847 2129 1079 2212 auxiliumque
1093 2128 1294 2193 tribunorum
1308 2128 1413 2212 plebis
1506 2199 1507 2203 Ἰ

358 2339 366 2371 ⁴
385 2339 419 2388 Ut
427 2339 551 2390 macularet
560 2342 660 2399 gurim
669 2340 782 2399 sicimis,
792 2354 861 2400 quam
871 2341 936 2387 modo
955 2343 1076 2400 rnukrut,
1094 2341 1208 2401 munius
1227 2341 1413 2390 iterumscdosis

326 2404 446 2466 virgarum
456 2404 541 2454 ictibus
549 2407 618 2453 druto
628 2419 659 2452 ec
669 2403 808 2462 miseritus,
817 2416 869 2462 quoe
878 2402 994 2463 inpugna
1004 2407 1130 2464 acceperut.

781 2540 957 2560 ”mmm

325 2645 386 2693 Vct.
398 2640 513 2689 caccum
523 2636 720 2686 evitatura-29
736 2635 858 2700 Plerique
875 2636 952 2687 codd.
969 2652 1028 2687 cum
1035 2639 1095 2688 Vet.
1107 2637 1177 2700 ltlog.
1186 2639 1290 2688 Venett.
1302 2639 1412 2692 Medici.

325 2705 405 2756 htdd.
416 2703 498 2752 Colin.
510 2701 609 2764 Gryph.
621 2702 710 2762 Steph.
727 2704 776 2750 &a
794 2702 917 2750 omittunt
932 2706 977 2760 est,
993 2701 1060 2766 quod
1073 2703 1189 2766 reposuit
1200 2703 1314 2766 Pighius.
1346 2705 1412 2755 Mox

325 2770 352 2816 in
365 2767 455 2813 iisdem
467 2765 543 2814 codd.
554 2772 581 2813 et
592 2763 651 2816 edd.
661 2773 726 2814 vett.
735 2765 943 2814 stantuna-sc
960 2766 1003 2815 lta
1017 2766 1124 2829 Pighius
1143 2781 1176 2815 ex
1190 2768 1281 2830 Camp.
1299 2782 1357 2818 cum
1369 2769 1413 2818 alii

325 2843 413 2880 omnes
421 2827 496 2878 codd.
508 2837 535 2877 et
544 2827 603 2876 edd.
613 2833 677 2877 vett.
687 2829 799 2877 habeant
809 2845 815 2876 ι
831 2845 856 2879 ss
864 2829 995 2879 verberibus
1004 2833 1152 2880 lacerandum
1158 2832 1269 2894 molluit.
1291 2833 1299 2859 ‘
1309 2832 1411 2896 Lipsius

324 2891 432 2955 conjicit
440 2893 554 2954 prudent,
562 2891 698 2942 Torrenius
708 2891 850 2955 praeluserit,⁸
862 2900 957 2956 praeter
966 2895 1155 2943 necessitatem.
1184 2895 1248 2944 Mox
1256 2896 1334 2959 strigo
1345 2899 1412 2946 mule

323 2957 414 3018 legunt
426 2961 452 3004 et
462 2956 640 3017 distinguunt:
656 2955 896 3018 speciosissimcserut
906 2959 1003 3020 adeptus
1018 2959 1108 3020 titulos,
1124 2973 1181 3007 nam
1201 2973 1298 3008 commu
1317 2974 1413 3022 ponen-

324 3022 384 3067 dum
397 3026 508 3068 estante
520 3021 639 3068 titularet
651 3019 786 3082 legendum
796 3021 985 3081 speciosissimas,
1003 3029 1032 3068 ut
1043 3030 1115 3070 recte
1127 3021 1168 3072 ed.
1178 3023 1238 3070 Vet.
1251 3037 1308 3071 cunr
1319 3023 1411 3086 viginti

325 3085 388 3132 Mss.
408 3088 435 3132 et
454 3083 565 3145 antiquis
583 3082 755 3131 editionibus!
780 3083 926 3145 Karia-31
949 3085 1046 3133 Omnes
1066 3083 1121 3133 fere
1143 3085 1219 3134 codd.
1241 3086 1337 3135 habent
1358 3089 1413 3144 sui,·

324 3147 416 3196 Atreb.
428 3155 455 3195 et
466 3147 526 3195 Vet.
537 3147 596 3208 suis,
612 3147 680 3211 quod
692 3147 807 3210 reposuit
818 3147 932 3210 Pighius.
966 3149 1030 3197 Mox
1042 3148 1128 3208 issia
1146 3148 1262 3210 ιπίςωάα
1281 3149 1412 3201 Coloneus

818 3275 923 3326 NOTAE

349 3368 367 3402 '²¹
378 3369 503 3432 Pnpirius]
520 3371 550 3420 L.
561 3369 680 3434 Papirius
693 3370 797 3432 Cisrror,
808 3369 847 3419 vir
885 3385 955 3431 meu,
972 3385 1029 3420 curn
1049 3373 1217 3436 comperisset
1236 3373 1305 3436 apud
1324 3373 1412 3424 hostss

322 3444 399 3494 enimi
418 3445 504 3507 vigore
521 3452 548 3494 et
565 3446 680 3508 corporis
692 3446 787 3494 viribus
804 3461 848 3494 ex·
886 3447 970 3496 soluts
979 3463 1035 3497 csse
1046 3449 1139 3510 omnia,
1153 3449 1286 3498 occasione
1297 3449 1334 3498 rei
1344 3449 1412 3499 bons

322 3520 428 3583 cellsus,
445 3519 625 3569 consulatibus
645 3520 767 3584 quinque,
785 3520 847 3570 dus·
886 3521 1007 3584 gerendas
1029 3523 1152 3572 incitatus
1180 3521 1306 3585 conflixit,
1328 3539 1412 3590 esque

321 3593 369 3642 hus
381 3594 534 3657 Dictaturis,
545 3600 572 3643 et
582 3595 664 3643 tribus
683 3595 716 3644 de
728 3596 848 3645 Samniti·
885 3595 989 3647 fortuna
997 3596 1154 3661 pugnael‘uit,
1163 3605 1192 3648 ut
1200 3599 1291 3662 viginti
1300 3599 1411 3650 hostlum

321 3667 370 3717 bus
388 3670 520 3733 triumphis
540 3669 703 3717 clarissimus.
740 3671 780 3718 lle
797 3671 847 3720 Fs·
886 3672 967 3721 millis
975 3688 1045 3724 caesa
1056 3689 1086 3724 eo
1097 3675 1140 3724 die
1150 3675 1279 3725 dicuntur.

321 3743 365 3793 bio
376 3746 496 3795 Rulliano
502 3746 555 3809 jam
565 3752 641 3793 untes
649 3745 749 3808 sapius.
916 3745 925 3791 i
941 3749 1038 3800 Nudrri
1058 3749 1143 3813 jussit]
1169 3751 1272 3800 Praeter
1295 3755 1411 3813 spretum

353 3819 402 3869 ΙΙπ
419 3822 492 3870 ccum
514 3820 643 3882 eduxisset]
670 3821 781 3870 lucentis
802 3835 846 3871 au·
885 3821 1031 3888 imperium,
1053 3827 1105 3876 duo
1128 3829 1258 3891 praecipue
1277 3826 1412 3888 Papirium

321 3895 410 3957 spiciis
419 3896 445 3945 in
456 3897 585 3946 Samnium
593 3897 713 3945 Dictator
722 3905 844 3959 venerat3
885 3909 1067 3966 pupugerunt3
1092 3918 1178 3963 unum,
1188 3902 1255 3964 quod
1266 3915 1336 3947 arms
1354 3901 1413 3948 hos-

319 3971 408 4035 itsque
424 3973 536 4022 monitus
553 3987 569 4021 s
585 3972 709 4033 Pullario,
723 3981 844 4038 repeten-
885 3975 1203 4028 tilistbiuscremassett
1214 3971 1409 4035 ⁸¹²“¹¹¹¹3’‘¹¹¹‘3‘¹

319 4045 408 4096 dorum
420 4051 591 4111 auspiciorum
603 4064 678 4100 causa
687 4051 794 4102 Romam
804 4067 845 4102 re·
884 4051 917 4099 sd
932 4053 1065 4112 Senatum,
1083 4062 1133 4098 non
1149 4043 1181 4090 ‚d
1192 4051 1230 4090 ’θ’
1253 4029 1285 4072 ‘¹‘
1296 4029 1405 4070 ''cm'‘

318 4121 446 4181 vertitnr3
470 4125 595 4188 simulque
617 4121 744 4189 Magistro
765 4129 843 4190 Equi·
884 4126 1039 4184 scripsisset·

319 4196 374 4239 turn
392 4192 537 4255 denuntiat,
556 4213 590 4246 ne
608 4214 635 4246 sc
655 4201 762 4250 ahsente
785 4215 843 4249 cum
914 4193 1012 4241 “Pater
1019 4185 1079 4246 Μ
1095 4167 1347 4227 ΡΒΜΙῙἈΝΜῙΜ·

318 4263 393 4316 hoste
414 4278 515 4315 manum
537 4279 671 4320 couserstz
694 4275 787 4322 Fabius
806 4281 842 4338 ts7
