3386 5262
676 565 882 614 usurario.
1305 559 1327 620 5

235 718 307 778 sent
330 712 439 778 allata
485 710 572 790 Quae
594 711 676 776 dunt
695 713 840 789 molirer,
867 731 948 778 ecce
968 718 1091 796 praeter
1111 733 1241 780 omnem
1256 719 1328 800 opi-

235 813 369 878 nionem
406 813 603 877 liberalitate
639 813 911 895 praenobilissimi
950 821 1052 898 atque
1087 818 1328 884 consultissimi

237 916 483 997 Heerwagenii,
498 915 608 980 Seren.
624 915 773 998 Princip.
789 935 810 979 a
825 913 986 980 Consiliis
1012 915 1162 984 Justitiae
1186 925 1222 982 et
1245 918 1330 1002 Syn-

237 1019 303 1084 dici
316 1015 473 1084 Civitatis
488 1017 695 1095 Barutbiuae,
717 1018 753 1082 in
769 1035 884 1082 manns
908 1037 1002 1083 meas
1021 1021 1115 1084 venit
1128 1019 1242 1084 Editio
1256 1041 1330 1105 per·

235 1129 378 1200 vetusta,
395 1123 469 1188 sine
484 1120 613 1186 indicio
623 1121 704 1199 loci,
719 1121 808 1200 anni,
822 1129 857 1186 et
871 1123 1080 1206 typographi,
1095 1122 1201 1188 forma
1215 1125 1333 1208 majori

235 1225 412 1308 impressa,
435 1225 502 1290 159
524 1223 605 1290 folia
627 1224 813 1302 contuens,
829 1225 986 1290 Fabricio
1001 1244 1068 1290 non
1090 1225 1232 1308 cognita,
1255 1234 1289 1290 et
1311 1247 1332 1290 a

236 1326 370 1392 nemine
389 1326 603 1410 interprewm
629 1326 791 1405 consulta,
814 1334 958 1412 excepto
974 1327 1106 1412 Lipsio,
1126 1328 1184 1411 qni
1200 1347 1278 1394 vero
1298 1329 1333 1391 in

236 1427 357 1511 paucis
382 1427 611 1493 tantammodo
635 1427 721 1492 locis
743 1428 899 1512 inspexit,
922 1449 1068 1512 eamque
1085 1429 1262 1494 ‘Veterem
1276 1430 1333 1494 Li-

236 1529 351 1594 brnm’
374 1530 571 1614 appellavit
617 1528 792 1596 Consuant
814 1532 873 1596 illa
896 1532 1077 1615 plurimum
1091 1551 1167 1597 cum
1189 1531 1258 1596 Ms.
1273 1533 1334 1596 Ul·

238 1629 418 1712 trajectino
430 1632 552 1715 primo,
565 1631 666 1698 habet
680 1638 789 1696 tamen
803 1653 939 1717 quoqne
954 1634 1132 1700 Lectiones
1142 1635 1336 1719 peculiares.
1387 1622 1389 1626 ¹

238 1731 400 1798 Formata
413 1741 467 1799 est
481 1734 555 1798 sine
564 1734 655 1798 omui
669 1734 773 1799 dubio
789 1755 835 1799 ex
849 1735 923 1800 cod.
940 1735 1021 1814 Ma,
1034 1742 1068 1801 et
1080 1737 1335 1821 quitlemperved

238 1839 340 1914 tusto,
362 1834 454 1921 (vide
467 1836 511 1900 ad
522 1854 604 1902 vrri.
614 1838 668 1904 13.
681 1838 760 1904 Eut.
771 1836 820 1924 7.)
833 1839 988 1922 omnique
996 1841 1071 1924 jure
1087 1840 1132 1906 ad
1146 1839 1336 1924 antiquissi-

237 1956 312 2002 mas
325 1937 453 2006 Valerii
466 1939 638 2007 Editiones
652 1942 764 2008 referri
782 1944 904 2024 debet3
927 1949 1017 2008 certe
1028 1943 1285 2019 Mediolanensi,
1307 1943 1337 2006 si

239 2059 304 2105 non
318 2040 531 2123 Mogontina,
554 2050 605 2110 est
627 2045 808 2128 antiquior.
853 2044 984 2124 Codex,
1007 2065 1053 2110 ex
1072 2043 1338 2129 qnoillaflnxit,

240 2146 297 2205 aut
310 2142 384 2224 ipse
397 2146 541 2208 mutilus
552 2147 629 2218 soit,
653 2153 713 2210 aut
726 2166 771 2210 ex
786 2147 865 2224 alia
876 2165 984 2228 eoque
998 2146 1172 2211 vetustiori
1194 2144 1341 2224 descrip-

241 2247 310 2320 tus,
333 2263 378 2308 cx
392 2265 461 2326 qno
476 2265 578 2308 unum
601 2247 781 2308 &erumna
803 2247 930 2321 folium,
956 2245 1048 2326 qnod
1062 2244 1342 2324 vigintiquatuor

242 2343 404 2426 exempla
423 2343 499 2408 Lib.
516 2359 541 2405 1.
570 2360 644 2426 cap.
661 2343 691 2406 l.
715 2343 794 2406 Ext.
808 2347 842 2406 b.
866 2362 975 2425 nsque
1003 2341 1047 2406 ed
1070 2343 1146 2407 Lib.
1163 2343 1193 2406 1.
1215 2363 1294 2427 cap.
1308 2347 1340 2409 4.

241 2443 322 2508 Eat.
346 2445 376 2509 l.
409 2444 611 2522 continebat,
643 2449 821 2510 exacuam
849 2463 928 2508 esse
953 2444 1094 2508 videtur.
1141 2444 1231 2508 Nam
1259 2445 1341 2510 folio

242 2547 362 2630 primo,
377 2548 435 2613 ubi
450 2549 564 2631 capita
575 2549 654 2614 libri
668 2549 770 2634 primi
784 2554 1010 2624 recensentur,
1028 2547 1182 2611 ‘tertium
1195 2549 1239 2611 de
1251 2547 1344 2612 Omi-

242 2647 359 2714 nibus’
380 2649 575 2734 inscriptum
589 2657 654 2716 est.
699 2650 781 2714 Hoc
805 2655 916 2714 autem
939 2650 977 2713 in
993 2654 1088 2712 textu
1110 2649 1188 2731 ipso
1208 2656 1343 2732 praeter-

243 2753 394 2830 mittitur,
408 2759 444 2817 et
459 2754 563 2838 capiti
578 2753 731 2826 secundo
747 2752 815 2816 ‘de
831 2752 998 2835 Neglecte
1018 2750 1206 2832 Religione'
1226 2753 1344 2816 statim

245 2855 453 2938 subjungitur
466 2861 568 2939 capnt
581 2861 735 2939 quartana
749 2859 760 2890 ‘
772 2857 813 2921 sle
825 2853 1015 2936 Prodigiis?
1053 2852 1173 2916 Scriba
1186 2851 1262 2917 cosi.
1272 2852 1345 2918 Ms-

245 2975 290 3019 ex
304 2975 361 3021 ore
379 2957 537 3022 dietanhs
558 2959 750 3041 pendebat;
773 2959 889 3022 inem
910 2957 1003 3021 enirn
1021 2954 1137 3018 multae
1157 2954 1347 3029 Lectiones,

246 3075 322 3140 quae
347 3075 413 3122 nou
434 3058 500 3122 uisi
531 3078 578 3121 en
602 3058 870 3141 pronuntiatione
893 3057 1063 3140 proficisci
1088 3056 1347 3139 potueruntne

246 3159 375 3239 passim
391 3159 562 3232 annotavi,
578 3178 648 3238 eg.
663 3159 708 3220 ad
724 3175 764 3219 ιι.
779 3160 811 3220 1.
822 3161 874 3237 4.;
895 3179 941 3222 ex
955 3159 1077 3239 quibus
1087 3159 1230 3238 patriam
1238 3157 1347 3220 homi-

248 3259 303 3320 nis
317 3275 384 3322 non
406 3257 549 3320 obscure
569 3255 720 3338 colligas.
765 3255 853 3332 Quae
874 3259 911 3318 in
926 3256 994 3318 Ms.
1010 3257 1203 3318 abbreviato
1222 3258 1349 3338 scripta

249 3363 355 3437 scant,
376 3377 471 3442 saepe
484 3357 628 3435 reducit,
651 3377 680 3421 e.
693 3377 725 3440 g.
745 3354 783 3420 a·
797 3375 858 3442 pro
874 3353 975 3420 liaeii
982 3375 997 3424 .··
1014 3375 1075 3438 por
1088 3374 1155 3438 pro
1163 3375 1283 3436 paroc:
1305 3378 1348 3418 on

247 3483 310 3548 pro
334 3463 428 3542 audo,
450 3462 501 3538 35⁶·
547 3458 703 3524 Ceterum
726 3461 830 3524 multa
853 3459 956 3522 habet
979 3458 1064 3522 vitia
1087 3458 1348 3542 typographica,

250 3567 339 3634 sicut
360 3583 476 3630 omnes
491 3561 677 3642 Editiones,
703 3581 780 3646 qnae
804 3562 900 3627 cirea·-
908 3561 1006 3626 1470.
1029 3560 1237 3642 prodierunt,
1262 3567 1294 3624 et
1313 3561 1350 3624 in

251 3667 485 3751 orthographia
506 3681 583 3730 cum
606 3665 683 3729 aliis
710 3664 863 3749 ejusdem
889 3664 1001 3727 aetatis
1024 3663 1202 3744 conspirat.
1247 3659 1351 3727 Hanc

250 3766 969 3852 igiturEditionem,qnaeMs.codicisvicem
980 3761 1133 3848 supplere
1141 3763 1262 3846 possit,
1274 3784 1351 3828 cnm

252 3878 345 3936 texta
360 3871 565 3936 Torreniano
581 3889 692 3954 operae
713 3870 857 3954 pretinm
872 3869 954 3932 dauri
969 3867 1125 3948 religiose
1140 3864 1296 3942 conferre,
1319 3871 1353 3931 et

169 3986 171 3990 ’
252 3973 402 4057 potiores
420 3972 601 4039 Lectiones
625 3972 773 4038 Editioni
794 3991 881 4038 meae
903 3973 1059 4036 inserere.
1103 3965 1222 4030 Habui
1246 3965 1350 4050 hujus

251 4076 388 4141 molesti
411 4095 492 4140 sane
515 4076 645 4140 laboris·
665 4076 796 4141 socium
819 4074 842 4140 J
845 4091 988 4139 oannem*
1011 4069 1233 4134 Christianum
1257 4068 1352 4151 Kap-

254 4176 561 4262 pium,f1atrismei
582 4177 700 4255 filium,
716 4176 893 4260 Gymnasii
916 4173 1018 4237 nostri
1041 4172 1149 4234 civem
1163 4171 1354 4252 impigrum,

256 4280 313 4363 qni
327 4285 421 4343 tanto
443 4281 479 4343 in
502 4285 660 4344 auctores
684 4278 847 4343 classicos
871 4294 948 4340 cum
964 4273 1108 4338 Graecos
1132 4279 1200 4337 tum
1215 4271 1354 4335 Latinos

257 4380 357 4446 sertus
373 4381 497 4460 studio,
511 4388 548 4446 nt
563 4382 710 4446 omnium
722 4377 920 4444 Editionum‘
930 4376 1121 4458 catalogum
1133 4380 1309 4438 contexere
1320 4370 1355 4434 in
