3224 5162
342 451 407 520 162
629 460 788 510 vannum
814 459 957 508 uaxlur
986 459 1056 510 nra.
1079 461 1103 508 r.

344 613 514 678 miseruut.
558 603 669 682 Quam
688 603 739 668 illi
761 603 856 668 velut
870 601 1028 667 divinitus
1041 601 1159 666 datum
1169 603 1365 692 praesidium
1384 604 1434 668 in·

345 706 527 792 terpretati,
554 705 693 770 libenter
716 709 896 788 receptam,
926 722 1004 775 veru
1031 703 1180 768 latorum
1194 705 1434 788 praedictione!

344 807 494 878 victoriae
508 807 627 872 ducem
641 804 836 870 babuerunt.

384 908 416 973 2.
433 908 489 974 Ne
498 907 723 992 Apolloniatae
733 914 778 956 ³⁷⁸
793 904 928 992 quidem
938 906 1325 989 poenitentiamegerunt,
1334 907 1434 991 qnod,

339 1029 415 1075 cum
442 1009 531 1074 bello
556 1007 692 1092 Illyrico
717 1007 847 1092 pressi,¹
868 1006 1149 1090 Epidamnios,³⁸⁸
1178 1012 1217 1071 ut
1241 1008 1305 1072 sibi
1334 1028 1434 1091 opem

341 1112 472 1189 ferrent,
487 1115 653 1187 orassent,
663 1116 767 1193 atque
782 1110 833 1173 illi
848 1107 986 1173 ‘flumen
999 1110 1142 1174 vicinum
1158 1110 1435 1203 maenibus-suis„

342 1213 475 1280 nomine
501 1210 680 1276 AEantemb
714 1209 750 1280 in
776 1210 977 1294 adjutorium
1002 1217 1156 1276 εοῐιιιιι4ο
1189 1231 1263 1276 sese
1288 1211 1435 1276 mitterc’

343 1313 527 1395 dixisseut;
549 1311 768 1396 ‘Accipimus
799 1313 891 1396 quod
916 1311 1032 1394 datur,'
1052 1313 1314 1396 respondemnt:
1336 1312 1435 1396 eique

372 1527 381 1564 ¹
398 1532 453 1581 Non
463 1531 574 1598 paenituit
584 1531 746 1596 Apolloniatas
755 1531 910 1596 respondisse,
919 1531 1054 1596 Accipimus
1062 1534 1123 1596 quod
1128 1533 1292 1583 dalurmin
1300 1531 1367 1596 bello,
1377 1531 1418 1595 isc.

339 1803 423 1865 mm,
432 1802 542 1868 filabo,
551 1808 592 1868 du.
624 1803 774 1855 Perizonius
785 1811 813 1855 et
822 1806 960 1854 ‘l'orrenius
972 1810 1074 1868 patant,
1083 1803 1209 1868 sibyllos,
1221 1805 1238 1853 i.
1248 1817 1272 1854 e.
1283 1803 1435 1853 ‘muliercu-

338 1866 389 1915 lam
401 1864 551 1917 satidlcsm’
563 1867 747 1920 Prienensibus
759 1884 775 1918 a
786 1869 877 1919 Samiis
888 1870 989 1918 missam
1000 1882 1067 1929 esse,
1077 1869 1144 1919 sicot
1154 1869 1182 1917 in
1193 1869 1262 1917 bello
1273 1867 1437 1917 Messeniaco

339 1929 511 1986 Athenienses
521 1933 655 1996 Spartanis
673 1948 719 1997 pro
737 1932 804 1983 duce
823 1934 849 1983 in
869 1939 1027 1983 contemtum
1045 1933 1149 1982 illarum
1167 1932 1294 1984 miserunt
1304 1933 1436 1995 Tyrtaeum

338 1993 450 2045 Politam
468 1997 596 2046 claudum.
629 1997 726 2048 Jaatln.
743 2009 788 2050 111.
807 2003 833 2047 o.
852 1997 922 2061 quod
943 2011 1012 2060 aegre
1031 1995 1093 2046 mibi
1111 1995 1273 2059 persuadeo!
1290 1997 1434 2058 Kapp-ii

338 2059 422 2122 Nepae
433 2060 589 2123 Apolloniatae
600 2062 677 2124 Pigb.
689 2061 776 2111 Coler.
785 2060 862 2125 'lbyu
872 2061 971 2124 Delph.
983 2060 1085 2110 Mincii.
1097 2065 1146 2110 dcc.
1165 2068 1193 2110 et
1210 2061 1248 2110 sic
1263 2060 1357 2123 Copea.
1374 2074 1436 2172 pua·

338 2129 398 2172 taor
409 2123 503 2176 Leidd.
512 2131 541 2175 et
551 2139 616 2174 uuus
626 2126 722 2189 Ultraj.
735 2125 775 2177 Ns
786 2125 945 2187 Apolloniala
955 2124 1013 2176 Vet.
1025 2125 1095 2188 Mog.
1103 2127 1211 2176 Venett.
1223 2130 1247 2174 l.
1258 2129 1283 2174 2.
1292 2125 1372 2173 etMe
1392 2125 1437 2174 iol.

339 2189 398 2235 1.2.
429 2187 548 2238 lucodd.
565 2196 702 2253 corrupte,
720 2189 873 2252 Appoliaule,
889 2189 1053 2252 Appolinates,
1069 2190 1230 2252 Appulianite,
1248 2189 1393 2252 aptatae,
1408 2194 1437 2238 et

336 2248 478 2312 Apclicnate
485 2267 495 2308 ,-
511 2252 630 2316 proxime
640 2252 673 2302 ad
685 2267 774 2302 verum
786 2253 872 2302 Bitur.
884 2257 908 2302 1.
918 2254 1089 2316 Apolloniates,
1097 2261 1125 2302 et
1136 2267 1195 2302 am.
1207 2267 1260 2302 aec.
1269 2252 1435 2314 Apolloniatas.

338 2315 403 2360 -tn
420 2313 513 2364 Heius.
531 2320 554 2365 1.
575 2317 738 2380 Epidamnios,
758 2316 799 2363 vel
816 2316 965 2377 Epidunios5
980 2317 1044 2364 Vet.
1067 2316 1226 2376 Epidaurios:
1243 2316 1269 2363 in
1290 2316 1357 2376 aliis,
1377 2317 1438 2378 Epi·

338 2376 433 2438 muros,
446 2378 601 2441 Epiuidanuas,
614 2381 751 2440 Epidamno,
762 2378 978 2438 [indanicos-89
994 2377 1102 2425 Vossius
1112 2391 1202 2426 vocem
1213 2379 1263 2426 sais
1281 2387 1437 2440 expunctum

337 2440 427 2502 vellet,
443 2441 607 2507 improbante
615 2441 738 2498 Varst103
756 2453 811 2488 eam
823 2439 923 2486 babent
934 2438 1033 2487 Brund.
1045 2444 1069 2487 l.
1080 2443 1104 2488 2.
1124 2453 1212 2488 omncs
1228 2441 1391 2504 Turraniani,
1409 2453 1438 2492 et

335 2502 398 2556 Vel.
409 2505 480 2568 Mag.
489 2506 597 2553 Venett.
610 2507 633 2552 l.
645 2508 670 2554 2.
682 2501 791 2551 Medici.
805 2505 829 2550 1.
839 2505 864 2552 2.
877 2499 956 2549 Aldd.
967 2503 1083 2550 δια-40
1099 2502 1197 2552 Vocem
1207 2516 1286 2551 corum
1306 2511 1436 2554 testantur

337 2567 436 2618 Brand.
448 2572 472 2618 1.
484 2571 509 2616 2.
521 2573 550 2615 et
561 2566 679 2628 plerique
690 2565 851 2626 Tarmiani,
869 2579 927 2612 curn
938 2563 998 2615 edd.
1009 2565 1090 2614 Basil.
1099 2565 1189 2616 Chalc.
1201 2573 1229 2615 st
1238 2566 1349 2630 Herbip.
1362 2568 1437 2618 deest

337 2636 425 2681 umen
435 2629 534 2680 iuvet·
546 2630 619 2693 Mag.
629 2629 738 2678 Venett.
750 2633 808 2678 1.2.
820 2632 845 2678 3.
854 2632 880 2677 l.
891 2634 916 2677 6.
935 2628 1043 2678 Mediol.
1055 2634 1079 2680 1.
1091 2633 1117 2679 2.
1136 2629 1216 2680 Aldd.
1236 2631 1319 2682 Colin.
1335 2631 1436 2696 crypt.

335 2694 446 2746 Medici.
458 2709 499 2745 aa.
511 2697 583 2746 loos.
593 2693 686 2758 Stepb.
696 2692 774 2756 Pigb.
785 2693 869 2742 Colcr.
882 2693 961 2757 Tbys.
973 2693 1069 2760 Delph.
1082 2703 1111 2744 et
1123 2694 1224 2746 Mincii.
1234 2709 1283 2745 sese
1294 2709 1342 2760 pro
1350 2710 1387 2760 sc,
1403 2711 1436 2746 ex

831 2855 938 2906 NOTAE

335 2997 388 3066 legi
404 2997 494 3065 velint,
505 2999 573 3064 qnod
586 3015 620 3050 ex
639 3002 743 3068 Sibyllin
754 3017 805 3052 uua
820 3003 866 3054 Sa·
907 3002 967 3054 bna.

335 3075 388 3124 mia
398 3073 492 3125 fuerit:
522 3076 637 3129 sedmco
646 3079 807 3144 judiciouon
820 3080 866 3129 du·
939 3075 1128 3141 ⁸Epidamnios]
1159 3076 1305 3144 Thucydidi
1331 3077 1436 3128 Daiara·

334 3150 404 3200 binm
416 3156 466 3215 est,
478 3152 540 3216 quin
550 3153 607 3204 lroec
618 3156 749 3221 scriptura
762 3171 822 3206 vera
833 3156 868 3205 ait
907 3158 992 3206 tarum
1011 3161 1057 3204 aut
1068 3153 1242 3205 Macedonum
1259 3152 1359 3204 colonia
1370 3151 1435 3201 fait:

334 3234 362 3277 ct
384 3227 495 3278 siccem.
539 3230 696 3281 Prienenses
718 3234 865 3282 enimcum
907 3238 1016 3295 propter
1033 3231 1195 3295 auspicatum
1214 3230 1437 3278 nomenaltoma-

333 3301 432 3351 samios
459 3301 567 3352 irridere
588 3305 694 3367 vellent,
716 3320 763 3369 pro
783 3305 865 3355 classe
905 3307 945 3355 nia
955 3307 1125 3372 Dyrrachium
1145 3305 1314 3367 appellatum,
1326 3304 1436 3354 testibus

331 3376 487 3441 cymbulam,
504 3390 555 3428 uon
573 3375 713 3443 feminam,
725 3379 863 3430 miserunt:
906 3380 990 3443 Livio,
1001 3379 1089 3429 Strab.
1102 3383 1130 3426 et
1146 3377 1242 3426 Plluio.
1275 3377 1362 3430 Hodie
1382 3380 1437 3430 Du·

332 3452 485 3502 crantenim
496 3451 587 3501 Samiis
602 3453 630 3502 in
650 3467 697 3502 asu
715 3455 815 3517 cymbae
827 3455 864 3504 bi·
904 3469 979 3505 razso.
1012 3456 1110 3503 Temen
1121 3450 1226 3500 dubitat
1237 3451 1290 3501 Dio
1308 3467 1340 3501 an
1351 3453 1436 3503 direr-

333 3541 417 3580 remes
428 3542 443 3580 a
453 3525 594 3602 Polycrate
612 3535 723 3592 tyranno
737 3529 864 3598 inuentae,
905 3545 933 3580 sa
949 3533 1001 3584 sint
1017 3526 1124 3591 oppida,
1140 3527 1314 3594 Dyrrachium
1331 3536 1364 3582 et
1376 3523 1437 3591 Epi·

333 3601 417 3652 sonna
432 3614 508 3665 paene
519 3602 628 3652 rotunda
646 3608 674 3651 et
685 3617 813 3653 concava:
831 3620 864 3654 ex
904 3605 1020 3655 damnus.
1054 3604 1168 3653 Diversa
1189 3611 1265 3668 palat
1287 3604 1436 3668 Appianas,

332 3691 382 3744 qno
394 3675 604 3742 generemiuam
615 3692 752 3727 anamnon
764 3685 863 3730 temera
902 3679 1017 3744 illudque
1028 3678 1061 3728 ad
1080 3679 1159 3730 maris
1171 3679 1254 3742 littus,
1267 3681 1308 3728 vel
1326 3680 1352 3727 ln
1372 3690 1435 3740 pen-

332 3754 437 3806 dixeris.
902 3754 995 3814 insula,
1015 3760 1043 3803 ut
1062 3755 1118 3804 uult
1136 3751 1249 3804 Strabo:
1274 3752 1323 3800 boc
1347 3751 1435 3800 nonni·

363 3828 452 3880 rum
467 3829 577 3894 satorum
595 3829 762 3894 madictionc]
793 3829 863 3882 Quia
901 3828 1259 3880 bilalittorediasitumesae
1272 3830 1393 3878 testatur.

328 3903 407 3967 κύμβη
420 3905 522 3957 Grecis
533 3921 585 3957 uon
596 3915 637 3956 est
648 3912 748 3956 uotum
767 3906 863 3971 lembus,
933 3907 1079 3972 iAEamem]
1107 3908 1158 3960 Qui
1174 3920 1189 3955 e
1207 3907 1336 3956 Lacmoue
1355 3900 1434 3955 Pindi

332 3982 508 4041 relnacicalap
524 3982 570 4032 sad
587 3983 664 4036 ctiam
681 3987 861 4047 capannam,
902 3985 1081 4049 promontorio
1091 3998 1121 4033 ac
1140 3980 1283 4030 secundum
1299 3981 1433 4045 Apolloni·

212 4043 214 4049 ’
324 4051 427 4120 Μυσία,
435 4062 462 4104 et
474 4071 564 4107 sumna
574 4073 660 4108 rerum,
902 4075 943 4110 am
966 4059 1097 4125 profluens
1117 4058 1144 4105 in
1171 4071 1243 4105 mare
1270 4055 1432 4111 Adriaticum

363 4127 560 4195 'ApolloniataeJ
594 4133 735 4198 Multiplex
757 4131 861 4196 Apollo·
901 4135 1058 4197 precipitat.
1086 4131 1159 4181 Actae
1170 4130 1249 4181 etiam
1260 4132 1292 4184 ab
1304 4134 1433 4193 Hecaten

329 4201 388 4248 ula:
416 4203 481 4263 bec,
490 4207 564 4272 cnjus
575 4207 624 4257 buc
634 4208 662 4256 in
679 4208 736 4256 loco
746 4205 863 4255 meminit
903 4205 1010 4256 dicitur.
1044 4205 1120 4256 Nunc
1135 4204 1243 4270 Variana.
1350 4260 1354 4266 ,
1395 4199 1401 4204 ’

329 4273 460 4336 valerius,
471 4277 496 4325 ln
513 4279 592 4342 Epiro
608 4280 666 4332 l‘uit.
699 4280 786 4332 Hodie
804 4281 862 4331 Pol·
