3224 5162
315 445 381 514 set
591 381 772 518 ,varneri
796 459 943 510 mixtur
967 461 1039 512 ms.
1063 463 1103 510 ιι.

315 605 411 670 Idem
440 619 559 667 censor
583 618 662 666 cnm
689 604 728 669 P.
752 604 886 681 Decor
904 604 1075 670 seditionis
1103 605 1258 674 finiende
1288 610 1401 692 gretie,

315 723 417 790 quem
432 703 567 768 comitio
589 703 623 767 in
641 704 816 768 humillimi
839 704 1005 788 cujusquo
1026 711 1248 789 potcststsmv
1268 709 1402 775 reductu

315 803 581 882 accenderant*
604 822 734 868 omnem
759 803 927 870 forensem
956 807 1083 870 turbam
1107 806 1142 870 in
1165 813 1307 890 quatuor
1328 818 1402 876 ten·

314 905 485 970 tummodo
514 906 621 970 tribus
647 904 850 989 descripsit,q
881 926 1004 990 easque
1029 907 1181 972 Urbanas
1206 911 1403 991 appellavit.

315 1005 481 1086 Quotam
505 1007 630 1072 salubri
649 1007 779 1085 factos
802 1010 855 1073 vir
876 1010 1003 1092 alioqui
1022 1009 1150 1074 bellicis
1170 1011 1327 1090 operibus
1342 1031 1402 1076 ex-

318 1106 637 1185 conscenderimus
652 1111 905 1191 cognominatos
920 1118 994 1176 est¹
1004 1108 1019 1137 ⁴
1350 1121 1360 1138 “

770 1253 948 1277 oueounue

315 1351 454 1402 Postlsumlo
464 1352 552 1403 Deduc
569 1352 642 1403 Leid.
653 1357 678 1402 6.
692 1358 745 1416 post
756 1353 930 1403 Decium-42
947 1351 1028 1402 Aldus
1039 1351 1173 1402 ediderat:
1189 1350 1244 1413 quin
1254 1351 1348 1401 comitio
1359 1383 1367 1400 .
1378 1386 1402 1403 ..

314 1422 474 1466 uccesserost:
490 1417 607 1481 quedem
627 1417 683 1466 alias
698 1415 758 1466 edd.
778 1424 842 1466 vett.
859 1417 955 1466 hubent
972 1431 1053 1480 quum:
1071 1415 1167 1464 Brund.
1185 1420 1207 1465 1.
1224 1419 1249 1464 2.
1277 1415 1403 1479 Piglriani,

315 1479 428 1544 Herbip.
439 1484 568 1545 &c.quum
577 1482 671 1530 coculis
742 1482 906 1530 ucceudmm.
939 1481 1033 1544 Ultraj.
1050 1484 1074 1529 l.
1089 1484 1116 1529 ¹2.
1134 1479 1260 1540 humiliori,
1277 1479 1403 1542 quomodo

316 1544 402 1594 editur
414 1559 456 1608 ap.
470 1546 522 1594 Lis.
539 1557 579 1594 rx.
594 1548 635 1593 46.
665 1543 760 1593 *Plures
778 1545 938 1608 Torrenieni,
948 1546 1110 1610 ,cumeurn
1124 1543 1167 1592 sel
1185 1543 1344 1592 nument:
1359 1541 1404 1592 alli

316 1607 431 1672 ejusdem
441 1611 584 1669 attenderet,
593 1610 720 1670 urmes,
728 1611 872 1671 accederent,
881 1610 1043 1668 recuderunt,
1052 1611 1209 1658 mentuunt:
1227 1606 1301 1654 Leid.
1309 1611 1332 1655 1.
1343 1620 1359 1654 a
1369 1619 1404 1655 nr.

315 1685 356 1736 pr.
368 1672 442 1722 Leid.
452 1678 477 1722 t.
488 1689 503 1721 a
514 1687 547 1722 m.
557 1687 609 1722 sec.
622 1672 693 1722 Leid.
703 1677 727 1722 6.
744 1681 770 1721 et
782 1672 876 1737 Ultraj.
890 1677 913 1723 1.
930 1674 1096 1722 morderent:
1112 1672 1186 1720 Voss.
1203 1671 1292 1726 animos
1310 1671 1404 1720 comde-

314 1742 390 1794 rort3
405 1736 487 1788 codex
497 1738 554 1786 Lat.
566 1736 660 1786 Latinii
672 1743 758 1785 vetus:
776 1737 830 1798 quic
839 1737 935 1787 comula
945 1771 952 1786 .
962 1772 968 1786 .
978 1771 986 1786 .
996 1737 1144 1794 uccesderot,
1152 1733 1220 1799 quod
1227 1747 1276 1782 non
1285 1733 1405 1797 displicet
1454 1770 1456 1776 .

315 1801 511 1852 Terrenis-dl
529 1799 596 1849 Edd.
608 1806 671 1850 vett.
681 1804 731 1849 tum
737 1801 826 1849 nield
836 1801 906 1863 Reip.
916 1801 996 1861 foetor
1013 1800 1076 1850 illud
1088 1799 1158 1862 stup.
1176 1798 1299 1847 omittunt
1316 1811 1404 1846 omnes

315 1855 476 1914 Torreniani.
508 1865 554 1913 Po.
574 1865 621 1913 Ro.
639 1863 707 1913 iuter
728 1864 808 1912 lineas
827 1864 906 1915 babet
924 1867 1017 1928 copes.
1049 1865 1112 1913 Mox
1136 1860 1212 1912 codd.
1238 1860 1293 1911 fers
1317 1873 1405 1910 cmrtes

316 1925 432 1990 alioquim
449 1928 522 1978 Leld.
534 1933 558 1978 d.
569 1927 673 1991 usqum
682 1928 709 1976 ia
719 1929 818 1977 Bellicis
827 1929 959 1987 accusas,-
976 1929 1070 1992 copes.
1086 1926 1190 1990 alloquin
1200 1927 1225 1974 is
1236 1924 1324 1974 dedus
1338 1925 1405 1973 rebus

317 1994 447 2049 accuens,-
468 1993 580 2057 quinque
598 1994 706 2041 Torren.
724 2006 783 2042 cum
801 1992 864 2044 Vet.
885 1992 1034 2057 alioquinin
1054 1991 1141 2041 bellicis
1159 1990 1266 2054 oucibus
1283 1989 1404 2038 excollent.

319 2055 396 2106 Voss.
407 2057 655 2119 cognominandorum.
1374 2061 1378 2067 ⁴

812 2153 922 2206 NOTAE

316 2244 382 2296 time
392 2246 516 2297 coniectis
526 2248 633 2307 Censori
648 2247 774 2299 rationem
785 2250 843 2300 red·
885 2251 1001 2300 Censura
1020 2237 1123 2312 nobilis,
1146 2252 1281 2309 paternum
1303 2249 1406 2294 secutus
1444 2271 1448 2277 -

318 2321 419 2372 dorent.
458 2324 583 2372 Testetur
602 2323 722 2374 Aurelius
741 2325 842 2387 Victor,
883 2326 1038 2389 exemplum,
1053 2338 1082 2372 se
1101 2321 1215 2384 devovit,
1232 2319 1336 2382 suisque
1356 2319 1406 2368 rie·

318 2393 427 2462 Equites
437 2397 469 2446 ab
480 2397 537 2448 aede
549 2399 661 2449 Honoris
672 2400 729 2449 oles
737 2414 844 2450 corone·
883 2401 973 2450 teriam
984 2399 1017 2447 de
1028 2398 1109 2448 Gallis
1120 2402 1148 2444 et
1159 2392 1315 2444 Samnitibus
1324 2400 1407 2443 morte
1421 2443 1424 2449 ,

319 2471 359 2522 tos
370 2472 403 2522 ad
413 2473 569 2536 Capitolium
579 2474 605 2523 in
621 2475 693 2540 equis
705 2473 843 2524 transiisse.
883 2491 930 2525 suu
941 2475 1051 2540 peperit.
1083 2472 1126 2522 Ita
1138 2469 1235 2518 Livius.

318 2545 362 2597 Ab
373 2554 481 2612 utroque
498 2547 636 2612 Dionysius
648 2549 783 2611 dissentit;
800 2548 842 2598 eni
915 2556 928 2590 Ρ
945 2550 975 2597 Iu
991 2545 1116 2598 humillimi
1134 2543 1241 2606 opusque
1256 2540 1407 2604 poletluttm]

318 2627 406 2672 tamen
424 2621 547 2671 libentius
565 2624 724 2688 assenserim,
740 2640 798 2674 cnm
817 2625 843 2673 in
883 2623 916 2673 ld
927 2623 1007 2688 Appii
1023 2619 1123 2672 Claudii
1135 2615 1334 2685 praeelectione
1351 2613 1407 2664 fae-

317 2696 441 2746 bonorcm
458 2697 573 2746 Castoris
590 2705 618 2747 et
635 2697 759 2761 Pollucis,
775 2699 843 2763 qnod
884 2705 940 2748 tntu
956 2706 1007 2762 est,
1023 2698 1066 2763 qni
1088 2697 1195 2758 Censor,
1204 2691 1341 2747 humilibus
1358 2706 1409 2755 per

318 2770 455 2821 victorium
466 2771 499 2820 de
511 2773 608 2822 Latinis
619 2788 686 2822 enno
701 2778 758 2824 267.
777 2775 843 2824 rela-
884 2791 971 2827 omnes
983 2776 1065 2827 tribus
1082 2775 1179 2837 divisis,
1194 2771 1278 2823 iorum
1295 2779 1324 2822 et
1341 2785 1408 2820 carn

320 2853 375 2897 tam
385 2846 555 2912 nuntiassent,
572 2851 636 2899 banc
648 2865 765 2916 pompam
777 2851 843 2916 cele·
884 2866 945 2916 pum
955 2855 1115 2915 corruperat,
1130 2848 1214 2912 inquit
1223 2847 1319 2896 livius.

319 2921 421 2973 brutam
436 2925 512 2986 reiit3
528 2933 555 2976 et
567 2927 598 2975 sb
610 2927 666 2976 rede
686 2929 778 2978 Martis
796 2943 844 2992 per
916 2933 929 2969 t
947 2927 1033 2976 ilibus
1042 2923 1177 2992 descripsit]
1188 2923 1258 2974 Quot
1268 2922 1352 2970 tribus
1360 2921 1411 2972 Ro·

318 2997 403 3050 l'orntu
413 3000 439 3049 in
451 3001 605 3064 Capitolium
615 3004 757 3054 tetendisse
766 3004 843 3070 Equi·
884 3013 932 3051 tuae
945 3000 1054 3065 fuerint,
1068 3016 1119 3066 quc
1130 3005 1257 3062 tempore,
1275 3012 1350 3061 equo
1362 2998 1412 3046 sin·
1469 3065 1472 3072 ι

320 3081 371 3138 tes,
387 3075 430 3139 qui
443 3090 489 3140 per
501 3076 584 3127 tribus
596 3085 623 3128 et
634 3081 718 3128 curies
729 3078 761 3128 ad
773 3080 845 3142 quin·
887 3079 964 3142 gule,
979 3078 1021 3127 vel
1031 3077 1168 3139 institntae,
1185 3075 1227 3124 vel
1242 3073 1300 3122 otiis
1314 3071 1410 3121 additae

320 3164 371 3217 que
382 3152 462 3201 millis
474 3152 602 3217 distincti,
619 3156 691 3217 qnasi
704 3155 846 3204 redirente
886 3155 947 3216 sint,
958 3153 1015 3218 jum
1037 3151 1147 3202 diximus
1167 3149 1195 3199 iu
1215 3147 1411 3212 Magistratibns
1437 3175 1439 3180 ,

320 3241 417 3291 pugna,
427 3226 518 3277 fronde
533 3229 653 3294 oleagina
665 3229 791 3290 coronati,
808 3236 846 3277 to·
887 3225 1068 3276 Rornanorum.
1223 3291 1226 3298 Ἴ

263 3303 265 3310 ’
320 3299 848 3366 'gisqnepalmatisinsignesessent5quo-
918 3302 1075 3350 ‘Maximus
1101 3300 1277 3361 cognominatus
1295 3297 1341 3360 est]
1368 3295 1425 3367 Ite

319 3373 378 3426 rum
398 3379 441 3427 alii
460 3393 576 3441 coronas,
593 3379 634 3427 ulii
655 3385 769 3442 torques,
787 3391 847 3442 pars
887 3376 965 3444 etiam
978 3377 1064 3426 Livius
1081 3376 1176 3425 lturx.
1193 3375 1337 3438 ‘Adeoque
1355 3387 1411 3423 eum

321 3443 450 3518 phaleras,
458 3453 552 3514 hastas,
563 3453 682 3516 armillas,
691 3451 784 3513 singuli
795 3452 846 3500 sin·
888 3465 941 3500 rem
962 3459 1096 3514 acceptam
1113 3451 1193 3513 gratis
1211 3451 1300 3499 animis
1315 3449 1412 3512 ferunt,

322 3528 392 3590 guis,
409 3535 436 3576 et
451 3528 556 3590 premis
574 3527 688 3588 virtutis,
701 3533 729 3575 et
746 3526 847 3576 bellicae
887 3533 917 3575 nt
924 3526 1033 3575 Maximi
1044 3539 1193 3589 cognomen,
1202 3525 1270 3590 qnod
1282 3531 1322 3574 tot
1330 3525 1410 3576 ricto·

321 3601 405 3651 lundis
415 3603 525 3665 insignia
534 3601 670 3664 magnifice
676 3608 848 3653 ostentarent.
888 3599 933 3647 riis
945 3599 992 3647 sibi
1005 3614 1053 3648 non
1066 3606 1213 3664 pepererat,
1230 3601 1279 3649 trac
1293 3599 1410 3649 ordinum

322 3676 434 3740 Dignum
443 3676 766 3740 sunemojestetelmperii
775 3691 848 3740 spec·
887 3677 1074 3739 temperatione
1086 3669 1208 3740 peroret?

323 3753 446 3828 lacrimis.
919 3749 934 3778 '
951 3749 1003 3806 An.
1014 3751 1053 3800 M.
1065 3755 1138 3800 3750.
1166 3750 1210 3801 01.
1227 3755 1282 3803 119.
1295 3755 1317 3801 1.
1343 3745 1409 3800 Urb.

353 3835 368 3862 ⁹
385 3831 444 3879 Cum
462 3831 490 3880 Ρ.
508 3828 594 3892 Decio]
618 3829 651 3878 P.
667 3827 743 3877 Decii
764 3827 847 3878 Muris
887 3825 986 3879 (2449,
1013 3825 1202 3880 Anteium.
1405 3824 1407 3832 ’

322 3901 401 3968 filins,
418 3906 461 3971 qni
484 3913 596 3971 quatuor
615 3902 807 3969 Consulatlbns,
821 3905 848 3954 et
