3210 5158
322 433 389 502 Μ
614 443 769 494 vsnaarr
792 442 937 494 uaxrur
962 441 1034 492 ara.
1057 442 1108 494 rr.

325 606 413 672 pern,
427 593 461 651 et
474 585 606 668 qualem
619 584 768 664 haberet,
783 583 985 663 recognovit·
1028 581 1124 648 Idem
1138 583 1228 650 filios
1242 603 1322 652 suos
1334 604 1404 652 mo·

325 689 421 766 uuit,¹
440 692 477 750 ut
489 685 618 752 funebri
631 686 706 770 ejus
716 686 803 750 lecto
816 682 974 748 humeros
987 683 1198 766 subjicerent,
1214 693 1313 769 atque
1325 686 1404 752 huie

327 787 553 870 exequiarum,
575 787 669 852 illum
689 786 845 850 honorem
864 784 959 848 vocis
985 783 1117 869 adjecit,
1139 787 1242 852 ‘Nou
1264 789 1345 862 sore,
1367 791 1408 850 ut

327 894 449 973 postea
460 887 496 952 id
511 887 653 954 officium
675 886 718 949 ab
732 885 835 950 illisu
857 885 930 948 viro
952 885 1069 968 majori
1093 888 1246 969 praestari
1267 883 1408 970 posset:

327 987 401 1054 Ubi
413 989 470 1054 illa
482 994 534 1054 tot
546 988 581 1050 in
593 985 683 1049 curia
691 983 829 1067 jurgial
849 985 907 1048 ubi
921 991 992 1050 turn
1006 984 1117 1050 multoe
1130 1005 1193 1069 pro
1208 984 1344 1051 Rostris
1359 987 1409 1050 al·

328 1087 546 1154 tornationes?
568 1085 625 1147 ubi
639 1085 856 1150 maximorum
871 1085 994 1149 dueum
1016 1092 1050 1150 et
1074 1086 1195 1152 civium
1209 1091 1371 1152 tantorum
1382 1091 1413 1140 ⁵⁴·

327 1191 441 1268 togata
454 1185 593 1269 prmlial
604 1196 625 1222 ¹⁸
667 1184 787 1250 Omnia
810 1186 962 1252 nimirum
975 1187 1231 1270 ista-precipua
1244 1185 1412 1252 venerati·

327 1305 389 1355 oue
402 1287 634 1370 prosequenda
647 1287 771 1352 delevit
784 1287 993 1354 moderatius
1368 1327 1370 1334 ·

369 1387 424 1451 13.
446 1385 649 1453 Numidicus
664 1395 774 1454 autem
787 1388 941 1454 Metellus
963 1387 1123 1471 populari
1145 1385 1291 1453 faotione
1302 1385 1415 1468 patria

328 1487 444 1571 pulsus
459 1487 495 1551 in
508 1485 626 1554 Asiam
639 1491 790 1555 secessit.
834 1489 874 1552 Iu
889 1508 957 1572 qua
970 1509 1047 1554 oum
1061 1490 1093 1554 ei
1105 1487 1192 1555 forte
1204 1485 1304 1554 ludos
1318 1485 1413 1552 Tral-

328 1588 450 1653 libus55
479 1590 648 1671 spectanti
670 1591 772 1654 literae
796 1588 933 1656 redditae
956 1595 1078 1664 essent,
1103 1589 1227 1672 quibus
1254 1585 1418 1668 scriptum

330 1696 412 1769 erat,
426 1690 573 1755 maximo
589 1691 749 1756 senatusl
768 1696 801 1756 et
822 1691 939 1773 populi
964 1709 1129 1756 consensu
1148 1689 1288 1754 reditum
1309 1686 1358 1752 illi
1378 1685 1414 1750 in

322 1785 459 1854 “Urbem
473 1790 597 1870 datum,
611 1811 675 1855 non
694 1813 714 1856 e
735 1792 864 1858 theatro
877 1792 972 1875 prius
999 1792 1094 1867 abiit,
1115 1809 1216 1875 quam
1237 1793 1416 1871 spectacu-

330 1889 398 1956 lum
412 1889 582 1958 ederetur:
603 1911 670 1956 non
684 1893 835 1960 laetitiam
855 1911 949 1957 suam
970 1892 1124 1976 proxime
1139 1888 1328 1954 sedentibus
1341 1884 1415 1950 ulla

333 1997 487 2076 exparte
500 1991 680 2076 patefecit3
702 1993 762 2058 sed
777 2012 943 2057 summum
965 1992 1119 2075 gaudium
1140 1991 1227 2056 intra
1252 2007 1288 2052 se
1309 1985 1416 2050 eonti-

332 2093 419 2158 nuit.
462 2093 612 2158 Eundem
626 2100 760 2160 constat
772 2095 846 2178 pari
862 2095 963 2171 vultu,
985 2100 1019 2159 ot
1032 2093 1163 2158 exulem
1179 2091 1297 2167 inisse,
1318 2091 1352 2154 et
1365 2105 1416 2151 re·

335 2195 512 2260 stitutum:
548 2195 634 2259 adeo
661 2194 898 2260 moderationis
934 2193 1099 2258 beneficio
1131 2192 1261 2258 madius
1290 2207 1419 2271 semper

333 2293 418 2355 inter
441 2293 608 2358 secundas
631 2300 664 2359 et
692 2294 851 2361 adversas
879 2312 932 2355 res
960 2292 1064 2354 animi
1091 2291 1245 2356 firmitate
1271 2293 1419 2358 versatus

334 2389 413 2456 est:

368 2592 387 2618 ¹¹·
406 2582 643 2634 Goateata'oaeaiater
651 2582 823 2646 oiroatogntor.

789 2742 965 2764 ”comum

335 2852 458 2903 illia-st
472 2852 533 2902 ‘sie
544 2851 637 2918 Aldus,
647 2855 764 2919 Pighius,
774 2857 961 2922 Torreniuaque
972 2855 1118 2919 ediderunt,
1133 2856 1177 2922 qui
1192 2859 1312 2918 tiatorem
1329 2855 1355 2905 in
1372 2863 1424 2906 tre-

337 2915 422 2966 decim
433 2915 497 2966 Mar.
510 2917 615 2968 invenit.
649 2917 684 2968 dt
694 2924 786 2969 taetrae
796 2935 841 2970 aaa
851 2923 938 2985 planet
948 2921 1043 2985 Lipaio,
1057 2922 1160 2983 Colere,
1170 2920 1281 2984 voratio,
1296 2928 1386 2984 eatque
1398 2921 1425 2968 ln

337 2979 404 3030 libro
417 2987 504 3030 vetere
516 2981 605 3046 Lipsii,
622 2982 648 3032 iu
659 2983 727 3033 Dan.
739 2999 790 3034 uua
800 2985 897 3034 Brand.
908 2993 937 3035 et
946 2986 1008 3035 Ver.
1026 2991 1054 3034 et
1070 2983 1138 3034 forte
1157 2985 1184 3033 ln
1199 2985 1264 3034 aliia.
1280 2989 1348 3034 teate
1357 2997 1427 3033 nnus

337 3045 435 3095 Brund.
447 3045 552 3095 etliltr.
565 3047 640 3109 prim.
673 3047 705 3096 In
717 3049 754 3097 Co
802 3049 957 3100 .omittitur.
989 3049 1053 3100 Mihi
1064 3048 1167 3114 quidem
1182 3050 1317 3112 perplacet
1333 3052 1427 3096 man

339 3108 401 3160 aaa?
416 3109 566 3174 nappe-ss
584 3109 673 3160 Color.
684 3111 754 3163 cauo
772 3113 879 3164 ‚Biton
890 3117 914 3165 1.
932 3119 960 3164 et
970 3113 1043 3165 Laid.
1055 3117 1079 3166 ³.
1096 3114 1162 3163 lator
1177 3114 1319 3172 ticam,-
1334 3111 1427 3175 orpes.

829 3255 935 3308 ΝΟΜ

283 3381 291 3396 ’
350 3397 471 3464 Ι*Ιῦἲὶίοι
492 3413 546 3448 suos
564 3399 665 3464 matt]
696 3401 749 3452 Sex
769 3401 863 3452 liberos
903 3400 971 3452 stitit
983 3399 1086 3466 quidem
1103 3398 1260 3465 aliquamdiu
1269 3395 1429 3464 Furius-qui·

341 3473 439 3536 habuit,
448 3479 557 3539 quatuor
568 3474 642 3539 filios,
652 3475 765 3541 dunque
782 3475 862 3536 uum
903 3476 967 3532 dam.
977 3476 1105 3529 Tribunus
1123 3474 1223 3539 plebia3
1248 3471 1351 3524 sedilia
1363 3471 1429 3522 afu-

341 3557 449 3617 aapotea
459 3551 680 3615 andecim,nnrus,
695 3567 865 3618 generosque,
904 3559 981 3600 rente
989 3551 1087 3615 populo
1097 3535 1253 3614 discerptus,
1261 3553 1291 3598 at
1304 3545 1430 3597 Metellus

342 3626 501 3692 eteqnlbns
515 3632 591 3689 pater
601 3628 775 3690 appellaretur
784 3629 864 3692 rigin-
904 3633 980 3676 tauta
994 3627 1104 3676 omniurn
1116 3625 1288 3688 gratulatione
1295 3622 1432 3672 restitutae

344 3702 485 3764 tiaeptem:
503 3699 548 3749 aed
560 3700 638 3749 dehis
650 3701 722 3752 alias.
743 3703 784 3750 De
793 3702 865 3751 'l'ral-
905 3708 956 3764 est,
968 3708 998 3751 nt
1008 3702 1061 3750 dlea
1079 3702 1181 3764 integra
1197 3697 1380 3763 excipientium
1388 3710 1429 3744 aa·

342 3776 409 3826 libus
422 3782 500 3826 antea
511 3775 620 3838 egimus.
727 3765 730 3774 ¹
905 3775 1072 3826 lutationibus
1082 3775 1115 3824 ad
1123 3782 1225 3839 portam
1233 3777 1364 3824 consumta
1371 3768 1428 3817 fue·

376 3851 505 3909 trimM.
516 3855 588 3900 datt-
604 3850 647 3903 Ol.
659 3853 748 3903 ΝΜ.
763 3851 867 3902 Uriae·
906 3853 952 3906 rit.
993 3851 1069 3906 unat
1090 3851 1175 3902 Mario
1195 3863 1266 3914 aegre
1291 3842 1429 3896 admodum

344 3929 401 3976 dat.
419 3924 484 3976 Ant.
495 3928 542 3979 Cla.
554 3930 610 3978 128.
906 3927 972 3991 tuit3
989 3928 1032 3992 qui
1048 3925 1191 3981 neinimici
1206 3921 1341 3990 gloriosum
1357 3919 1432 3970 redi·

376 3998 506 4054 lidan-imo
529 4001 635 4066 mamm]
660 4002 691 4053 L.
710 4001 867 4066 Apuleiae
906 4010 962 4058 tum
971 4012 1098 4070 cernuat,
1106 4000 1237 4068 nauigauit
1250 3998 1276 4052 iu
1290 3993 1434 4048 Galatiam·

346 4082 396 4128 quo
412 4075 509 4135 ejectus
526 4075 612 4129 fuerat
628 4078 759 4142 Metellus,
772 4078 870 4140 neniae,
907 4079 1125 4144 Haedppianua.

346 4137 455 4220 Sanptua
479 4151 639 4216 populusque
665 4153 747 4204 omnia
768 4153 870 4205 Metelli
940 4154 955 4185 ⁸
966 4153 1017 4206 An.
1026 4155 1064 4210 Μ.
1077 4158 1150 4206 8955.
1167 4145 1435 4206 aununtiate.

348 4206 458 4264 iedttttm
473 4221 625 4276 elamoribus
643 4226 797 4288 postulavitr
824 4227 869 4277 ob·
909 4233 966 4280 654.
983 4227 1048 4282 Aut.
1058 4227 1105 4278 Ch.
1118 4231 1158 4278 98.

1563 4010 1581 4132 l
