3214 5170
314 393 380 472 tls
620 418 775 467 rsnnnn
799 416 944 467 unxrnr
969 416 1096 467 niun.

317 561 454 629 menndi
468 559 588 624 Punici
602 559 680 624 belli
695 561 898 644 temporibus
921 561 1111 626 firmissime
1126 562 1338 648 Reipublicae
1352 563 1400 628 lu·

315 669 395 742 tere,
419 680 518 744 quem
543 659 734 726 destrictam
759 662 857 726 simul
884 671 1023 744 egerunt
1044 667 1267 730 censuremt¹
1310 665 1402 732 Nam

316 783 392 830 oum
421 763 565 846 equiturn
596 765 765 828 centurias
793 770 1078 846 recognoscerent,
1107 773 1142 829 et
1170 767 1238 849 ipsi
1266 759 1404 852 propter

317 865 416 928 robur
430 864 543 929 retutis
556 863 654 928 etiem
669 868 793 928 nunc¹⁹
816 885 930 930 eornm
945 873 1060 931 essent
1079 884 1104 930 e
1127 885 1273 945 numero,
1297 877 1337 932 ut
1350 874 1405 934 est

318 963 361 1029 ud
378 964 539 1030 Polliamp
559 971 691 1029 ventum
711 965 843 1042 tribum,
863 975 1001 1048 praecol
1021 968 1111 1030 lecto
1125 966 1259 1029 nomine
1273 967 1406 1033 Saline*

317 1066 411 1144 toris,
426 1064 596 1129 citandum
610 1083 714 1128 necne
737 1065 803 1128 sibi
826 1071 924 1142 esset,
946 1065 1125 1130 baesitorit.
1161 1063 1268 1142 Quod
1284 1065 1341 1128 ubi
1354 1067 1407 1130 in·

317 1165 447 1232 tollexit
460 1163 566 1238 Nero,
581 1170 616 1228 et
628 1163 725 1228 citeri
738 1165 944 1246 collegam,²⁰
959 1171 992 1230 et
1005 1185 1128 1249 equum
1141 1165 1281 1230 vendere
1290 1165 1404 1248 jussit,-

319 1268 400 1350 quie
422 1265 540 1349 populi
564 1265 695 1349 judicio
723 1265 895 1331 damnatus
925 1275 1036 1331 essct.r
1078 1267 1245 1332 Salinator
1272 1285 1406 1350 quoqne

263 1361 273 1378 '
318 1365 435 1432 eudem
459 1367 747 1433 animadversione
772 1367 939 1433 Neronem
962 1374 1158 1451 persecutus
1183 1374 1247 1444 est,
1270 1366 1407 1450 adjectu

321 1487 436 1546 ceusu,
453 1468 545 1553 quod
556 1490 621 1535 non
647 1472 776 1535 sincera
798 1469 865 1534 tide
887 1488 1001 1534 secum
1014 1471 1049 1534 iu
1064 1470 1204 1553 gratiam
1219 1469 1407 1534 rediisses*

322 1567 456 1648 Quibus
471 1571 563 1648 viris,
579 1571 608 1636 si
631 1574 708 1655 quis
732 1572 922 1637 coelestium
948 1572 1173 1654 significasset
1190 1571 1346 1647 futurum,
1369 1580 1409 1637 ut

319 1694 432 1740 eorum
442 1676 579 1756 sangnis
590 1675 764 1740 illustrium
776 1675 957 1757 imaginum
972 1677 1056 1738 serie
1067 1673 1243 1750 deductus,
1253 1674 1286 1736 in
1301 1678 1408 1736 ortum

320 1776 477 1842 salutaris
485 1783 512 1812 ²²
534 1776 695 1861 principis
709 1778 835 1841 nostri·
856 1775 1061 1854 conflueret,·'
1082 1775 1246 1858 depositis
1267 1772 1408 1836 inimici·

322 1874 392 1953 tiis,
407 1877 593 1942 arctissimo
610 1896 646 1940 se
660 1877 818 1942 amicitiae
831 1877 957 1943 foedere
968 1877 1168 1960 junxissent,
1184 1881 1350 1940 serratum
1365 1875 1408 1937 ub

354 2088 368 2124 ⁶
384 2091 461 2148 0¹¹!
471 2108 574 2144 srorrom
585 2099 608 2144 et
618 2093 683 2157 quod
693 2096 809 2144 steterim
816 2098 914 2155 egerunt
927 2094 1061 2144 emeram.

354 2152 363 2185 ¹
380 2157 449 2212 Quos
459 2157 481 2205 si
491 2157 543 2219 quis
549 2157 653 2206 Deorum
663 2159 711 2206 iltis
722 2159 780 2206 riris
788 2159 938 2220 predixisset
942 2160 1054 2218 sutorum
1063 2172 1121 2217 esse,
1131 2161 1158 2204 st
1169 2170 1201 2204 ex
1211 2168 1291 2204 eorum
1297 2151 1408 2215 aegrine

321 2222 376 2328 m
384 2220 571 2332 merrtem
581 2223 710 2272 insumere
719 2223 823 2270 uirorum
832 2227 967 2271 martur
977 2223 1094 2284 Princeps
1103 2225 1182 2268 uester
1192 2219 1300 2268 Tiberius
1309 2215 1409 2280 Rripsb·

778 2372 895 2394 ΙΝθΝΙΟ
898 2372 957 2392 un

323 2474 349 2521 7.
373 2471 454 2523 Julius
473 2475 505 2529 Q.
524 2474 620 2534 Ultrsj.
641 2478 664 2523 l.
688 2473 718 2522 L.
736 2472 860 2534 Julissque
880 2470 977 2532 Ultrsj.
994 2474 1018 2519 2.
1051 2466 1154 2517 Deinde
1174 2467 1289 2516 nonnulli
1305 2470 1414 2521 Torren.

322 2541 425 2600 terpors
434 2538 575 2599 firmissimo
585 2535 646 2598 Pop.
660 2535 728 2584 Rern.
739 2536 823 2584 interm
858 2536 921 2584 Mox
939 2534 1072 2583 districtum
1089 2532 1114 2581 in
1126 2531 1223 2581 Brund.
1236 2536 1259 2581 l.
1271 2535 1295 2580 ὓ.
1313 2539 1340 2579 et
1358 2534 1415 2586 eliis

323 2613 383 2650 eum
395 2601 451 2648 Vet.
469 2596 542 2660 Mog.
560 2600 665 2648 Venett.
685 2599 794 2648 Mediol.
813 2599 912 2650 Oliver.
932 2598 1009 2647 Aldd.
1029 2597 1111 2646 coliu.
1132 2596 1231 2659 Grypb.
1251 2595 1341 2658 Stepb.
1364 2598 1416 2646 tiro.

323 2662 431 2712 districti
442 2661 566 2712 Rheunl.
578 2667 601 2711 2.
613 2667 637 2712 ³.
658 2663 731 2712 liurl.
750 2671 778 2712 et
795 2663 875 2713 Bsrb.
894 2667 981 2714 1.-19
997 2661 1065 2712 Edd.
1086 2667 1151 2710 vett.
1168 2661 1301 2709 sturmin.
1332 2659 1418 2709 Paulo

323 2778 324 2782 ,
374 2734 385 2774 t
396 2726 503 2788 Pighius
513 2727 616 2790 scripsit
626 2727 736 2786 Pollurn,⁸
752 2735 779 2777 et
790 2729 816 2776 in
826 2727 927 2777 emend.
938 2727 1041 2788 Pelium,
1058 2732 1088 2774 ut
1103 2724 1198 2774 babent
1209 2722 1323 2773 nonnulli
1339 2722 1417 2774 codd.

350 2801 435 2838 orren-
453 2803 511 2840 eum
527 2791 589 2840 Vet.
608 2792 714 2841 Venett.
736 2791 844 2841 Mediol.
862 2791 941 2842 Aldd.
959 2791 1040 2841 Colin.
1058 2789 1158 2853 (tryph.
1176 2788 1267 2852 steph.
1285 2794 1313 2835 et
1331 2787 1419 2842 Vorst.

325 2851 398 2904 leet.
408 2859 521 2903 nostram
534 2869 567 2903 ex
577 2849 636 2904 co'd.
650 2857 716 2905 Dan.
727 2864 755 2906 et
766 2857 806 2905 ed.
818 2856 905 2906 Celeri
915 2856 1031 2919 reposuit
1041 2854 1150 2904 Torren.
1171 2855 1202 2902 cd
1214 2853 1417 2910 Potissimum

325 2917 410 2980 restio
420 2918 523 2980 relicto,
533 2918 623 2968 deerat
634 2920 660 2969 iu
672 2921 765 2983 Copes.
790 2921 853 2970 Mox
864 2921 924 2970 Vct.
936 2921 959 2970 si
967 2921 1001 2969 ibi
1011 2922 1143 2970 essee-no
1161 2918 1229 2973 Quod
1240 2921 1268 2965 ut
1279 2915 1298 2963 i.
1312 2915 1346 2964 N.
1357 2919 1379 2964 et
1393 2931 1416 2963 e.

322 2981 419 3045 pollues
429 2982 454 3030 in
463 2983 523 3033 Vet.
541 2985 609 3040 Quod
620 2991 647 3032 st
708 2986 819 3046 collegere
827 2990 851 3034 st
862 2999 928 3034 urso
940 2987 965 3033 in
977 2984 1033 3034 eliis
1044 2982 1126 3046 antiq.
1144 2981 1205 3030 edd.
1223 2979 1268 3029 sed
1286 2980 1348 3028 does
1360 2993 1415 3042 nos·

325 3045 435 3095 teriores
446 3062 523 3097 rores
535 3063 592 3098 cum
603 3048 706 3112 Pighius
718 3064 768 3098 uon
781 3050 907 3112 reperiret
916 3050 941 3098 in
952 3049 1029 3099 codd.
1038 3062 1081 3096 ess
1093 3045 1291 3109 expunxit-21
1311 3043 1417 3106 Aliquot

327 3108 404 3160 eodo.
415 3111 523 3163 l'orren.
534 3113 559 3162 irr
573 3113 678 3174 gretiam
693 3113 865 3174 redisset-22
883 3113 1030 3163 Perizonius
1050 3110 1118 3174 conj.
1135 3111 1161 3159 ir
1179 3115 1255 3158 ortum
1275 3109 1418 3168 salutarent,-

328 3174 394 3238 qnod
406 3175 484 3226 hebet
496 3191 560 3228 rinos
571 3178 663 3226 Rbern.
696 3178 760 3228 Mox
779 3177 970 3227 molti'l'orreu.
990 3191 1048 3226 cnm
1065 3177 1138 3238 Mog.
1156 3173 1281 3224 urbrsimo.
1317 3170 1418 3220 Deinde

327 3241 440 3288 comrnusi
457 3241 531 3304 stirpe
548 3241 574 3290 in
593 3255 685 3292 norem
705 3242 811 3291 Torren.
829 3257 887 3292 com
904 3242 1053 3304 VtuMeg.
1069 3242 1175 3289 Veneti.
1193 3236 1301 3288 Medici.
1321 3235 1419 3286 Oliver.

823 3385 928 3437 NOPAE

327 3477 433 3542 capituli
444 3478 513 3528 iuter
522 3479 621 3530 seodio
631 3478 800 3544 dissiderent3
815 3496 855 3532 re·
895 3489 936 3533 tes
944 3481 1086 3547 appellere,
1098 3483 1145 3528 &c

329 3556 377 3606 bns
388 3556 456 3605 bello
468 3555 567 3604 Punico
583 3556 697 3606 seeundo
712 3557 790 3620 gestis
802 3559 855 3605 cle·
926 3559 1092 3608 ‘Damnatus
1119 3552 1190 3617 emet]
1223 3553 1289 3602 Post
1310 3551 1419 3615 primum

331 3634 431 3684 rissirni.
464 3635 534 3696 Lege
552 3647 610 3697 ques
628 3633 655 3682 in
673 3631 855 3683 semiliscbru·
896 3635 1073 3696 Consulatum,
1090 3631 1173 3681 relob
1185 3629 1299 3694 predam
1311 3627 1344 3676 ds
1358 3625 1422 3688 Illy·

327 3709 430 3760 diorum
441 3716 468 3758 et
481 3709 608 3760 triviorum
624 3708 742 3758 diximus.
896 3711 938 3759 riis
951 3717 1050 3774 partum
1065 3706 1226 3770 ineqrrsliter
1244 3703 1362 3761 divisam,
1378 3701 1421 3750 vel

365 3793 379 3828 Ρ
391 3785 503 3848 Pettium]
517 3784 610 3832 Tribus
622 3798 689 3834 none
699 3782 784 3849 inita
799 3785 855 3836 ioco
896 3788 930 3835 ob
941 3788 1020 3836 letum
1033 3785 1065 3834 ab
1077 3799 1109 3834 eo
1120 3785 1215 3845 legem,
1224 3793 1256 3829 ne
1268 3778 1324 3845 quis
1340 3776 1422 3825 selem

327 3862 441 3927 quodem
453 3873 545 3910 nomen
558 3859 658 3909 sortite.
898 3862 1031 3910 venderet.

364 3935 480 3998 thm]
498 3935 653 3985 Praeconem
669 3933 719 3985 init
734 3936 760 3985 in
772 3938 858 3987 eonci-
928 3938 1069 4002 ¹Priseipis
1087 3932 1175 3994 socri]
1198 3928 1304 3988 Tiberii,
1324 3927 1368 3988 qui
1380 3941 1425 3989 ge·

333 4011 591 4062 ouibuseodientism
602 4010 704 4074 feeere3
721 4013 746 4061 iu
758 4016 857 4076 suctio-
896 4028 944 4064 nns
957 4021 1093 4078 paternum
1111 4025 1127 4058 s
1141 4004 1261 4062 elaodio,
1280 4007 1423 4052 maternum

334 4088 409 4136 nibus
427 4087 511 4151 pretio
521 4088 609 4138 oblsts
625 4090 761 4151 nnntiere3
776 4091 804 4139 in
814 4105 858 4140 eo·
893 4105 914 4146 ,s
934 4089 1006 4138 Livio
1022 4084 1148 4142 ducebam
1170 4091 1227 4127 cunr
1248 4075 1328 4123 Lirim
1348 4084 1425 4140 peter

335 4160 414 4207 mitiis
432 4163 513 4212 citare
529 4163 611 4213 tribus
626 4163 659 4212 sd
677 4163 789 4216 ineunda
805 4163 859 4214 sni·
898 4163 1020 4212 Cisodius
1031 4159 1173 4208 Drusianus
1190 4166 1236 4216 per
1256 4150 1425 4215 adoptionem

331 4231 435 4296 {regin
450 4233 476 4282 iu
488 4236 592 4297 judiciis
600 4236 715 4301 judices,
724 4253 792 4300 roos,
805 4246 857 4287 tes·
898 4235 1025 4289 Liviorum
1036 4229 1142 4281 familie
1153 4228 1265 4286 insertus
1275 4231 1354 4276 esset.
1377 4236 1380 4240 ·
1406 4264 1417 4291 Ι,
