3266 5174
319 455 386 522 268
623 465 779 515 vsunnu
804 465 951 513 mixtur
975 465 1047 514 nro.
1071 468 1112 514 ιι.

318 616 409 688 tibus
420 618 445 652 ¹⁰
465 611 574 695 petiit,
597 615 655 674 ‘ut
669 628 730 674 eos
744 610 849 692 gratia
863 627 925 672 sua
941 607 1107 672 Romanis
1133 609 1267 692 templis
1283 610 1411 676 restitu-

319 714 430 782 erent'
474 711 572 790 Quos
593 712 643 775 illi
668 711 701 774 in
727 710 901 793 proposito
924 716 1191 791 perseverantes,
1214 712 1414 794 interposita

319 817 415 880 iestre
442 812 644 895 epulationis
674 811 897 887 simulatione,
925 829 1014 874 mero
1052 828 1238 892 somnoque
1270 815 1413 894 sopitos,

319 916 480 1000 plaustris
494 915 528 979 in
548 913 671 978 Urbem
686 922 709 952 ¹¹
722 922 732 950 ⁸
753 913 964 979 devehendos
979 919 1177 977 curaverunt
1189 914 1221 976 :t
1241 915 1363 995 quibus
1379 921 1414 978 et

229 1093 233 1103 .
319 1016 425 1082 honos
438 1015 599 1100 pristinus
614 1014 800 1092 restitutus,
811 1022 847 1079 et
856 1012 997 1097 hujusce
1011 1014 1103 1078 lusus
1118 1013 1178 1096 jus
1192 1021 1244 1076 est
1257 1012 1411 1076 datum.¹¹

320 1118 544 1183 Personarum
565 1135 648 1182 usus
673 1116 838 1200 pudorem
860 1117 1094 1180 circumventae
1117 1113 1319 1178 temulentiae
1333 1131 1413 1177 cau-

319 1237 392 1284 sam
407 1218 553 1282 habete*

362 1322 393 1386 5.
415 1318 492 1384 Fuit
505 1318 605 1384 etiam
617 1319 712 1384 illa¹²
734 1319 933 1404 simplicitas
948 1318 1156 1400 antiquorum
1179 1319 1213 1382 in
1228 1316 1305 1382 cibo
1321 1315 1413 1397 capi-

319 1420 416 1499 endo,
430 1420 644 1486 humanitatis
667 1422 767 1487 simul
790 1429 826 1487 et
846 1422 1061 1488 continentiae
1085 1420 1274 1486 certissima
1299 1419 1411 1483 index.

321 1521 412 1586 Nam
426 1522 585 1587 maximis
599 1523 681 1586 viris
695 1521 874 1606 pranderet
893 1528 930 1587 et
943 1540 1078 1586 coenare
1101 1523 1134 1585 in
1153 1520 1342 1606 propatulo,
1356 1538 1413 1583 ve-

319 1624 487 1688 recundiae
503 1641 569 1686 non
584 1623 696 1690 orattf
712 1644 773 1690 nec
796 1643 876 1689 sane
890 1622 980 1689 ullas
996 1622 1115 1705 epulas
1129 1622 1306 1700 habebant,
1329 1639 1415 1702 quas

321 1724 440 1807 populi
455 1724 561 1789 oculis
572 1725 737 1809 subjicere
751 1727 997 1791 erubescerent.
1044 1723 1147 1789 Erant
1161 1724 1248 1788 adeo
1259 1729 1282 1770 ¹³
1306 1722 1414 1786 conti-

321 1825 443 1890 uentiae
454 1827 584 1904 attenti,
607 1834 647 1892 ut
661 1827 866 1911 frequentior
879 1825 970 1912 apud
985 1845 1044 1891 eos
1057 1825 1161 1909 pultis
1170 1832 1184 1860 ¹¹
1205 1843 1298 1902 usus,
1314 1842 1415 1907 quam

353 2052 367 2089 ²
385 2057 449 2112 Quos
465 2055 582 2119 tibicines,
598 2061 772 2120 perennantes
792 2058 819 2109 irs
836 2058 956 2123 proposito
976 2073 1022 2106 sors
1044 2056 1158 2106 redeundi
1176 2056 1285 2114 Romam,
1298 2053 1419 2104 libertini

323 2121 503 2182 deportarer-snt
514 2123 538 2172 in
548 2123 628 2172 arten
643 2122 751 2174 meritus
762 2123 856 2173 obrutos
864 2139 943 2174 sossrm
953 2128 976 2172 et
987 2125 1041 2172 eius
1050 2137 1060 2180 ,¹
1076 2123 1137 2184 quod
1149 2121 1258 2170 rueme
1277 2121 1304 2168 s'rr
1313 2118 1417 2168 consisto

318 2182 387 2243 ,tecto
399 2199 453 2242 sno,
463 2186 481 2233 i.
492 2199 513 2234 s.
523 2201 591 2248 quem
601 2186 734 2249 tltifsstum
743 2188 972 2238 ubiamulooerust.

353 2255 363 2279 ³
379 2247 432 2320 litis
440 2249 579 2310 permissum
586 2255 666 2313 est,-ut
671 2252 779 2314 personis
789 2257 912 2301 uterentur
921 2251 949 2299 ot
958 2251 1069 2312 puriorem
1080 2247 1203 2298 ebrietatis
1210 2262 1255 2310 per
1263 2247 1418 2311 deceptionem

321 2323 457 2362 semmuro.

349 2369 446 2448 strum
466 2375 493 2424 is
510 2377 559 2428 loss
577 2377 671 2440 patenti
690 2382 714 2426 et
732 2375 826 2438 publico
846 2388 937 2424 cosme
957 2379 984 2422 st
997 2373 1116 2434 prauum
1131 2387 1178 2420 sorr
1194 2371 1355 2422 erubescebant
1370 2371 1419 2421 cira¹
1514 2368 1516 2372 ’

781 2543 958 2564 ‘mm

320 2659 503 2720 jactitaverunt.
535 2658 610 2709 Laid.
627 2663 652 2708 2.
672 2664 700 2707 et
719 2658 815 2723 Ultrsj.
833 2663 858 2708 1.
878 2658 971 2707 Tiburti
989 2658 1123 2708 irati-1⁰
1140 2657 1271 2707 libertinis
1284 2657 1379 2723 Ultroj.
1395 2664 1418 2712 1.

327 2724 477 2772 werricus
494 2723 589 2786 Ultraj.
606 2727 631 2772 2.
649 2730 677 2772 et
693 2724 765 2785 Meg.
783 2725 844 2786 petit
863 2723 958 2786 Ultroj.
971 2727 994 2772 l.
1007 2729 1032 2772 2.
1051 2723 1142 2773 Leidd.
1154 2727 1178 2772 2.
1189 2727 1214 2771 5.
1224 2727 1248 2772 6.
1258 2727 1283 2772 7.
1299 2723 1418 2774 Perizou.

324 2787 410 2832 Bitur.
424 2791 446 2834 l.
457 2787 518 2835 Vnt.
531 2793 558 2836 et
570 2787 641 2850 Meg.
658 2788 786 2837 restituunt
803 2789 889 2837 Bitur.
904 2793 927 2838 1.
945 2791 1033 2837 2.-11
1050 2790 1114 2837 Tres
1132 2787 1291 2849 Torrenioni,
1307 2788 1333 2836 irs
1347 2789 1419 2838 Urbe.

324 2848 389 2894 Mox
401 2848 481 2899 Barb.
495 2855 516 2899 1.
529 2857 556 2900 et
569 2852 662 2913 copes.
680 2851 812 2911 hujusmodi
824 2852 887 2902 lusus
897 2852 929 2900 iis
938 2853 1008 2901 dotas
1024 2858 1077 2909 est:
1094 2853 1159 2900 Ere.
1177 2851 1269 2913 steph.
1287 2851 1420 2912 stemmati

325 2911 389 2959 lusus
398 2911 433 2960 eis
442 2914 513 2962 dotus
522 2921 575 2973 est,·
591 2915 652 2964 Vat.
664 2921 687 2965 1.
699 2915 778 2966 Berb.
789 2921 812 2966 2.
824 2917 897 2966 Letd.
908 2921 932 2965 7.
944 2922 971 2965 et
982 2917 1052 2980 Meg.
1065 2916 1159 2975 huiusce
1168 2917 1233 2964 lusus
1242 2917 1279 2964 tis
1287 2916 1357 2964 datus
1367 2922 1403 2966 est
1409 2933 1420 2975 ,·

326 2973 402 3028 rrsrr.
421 2975 515 3036 istiusce
532 2979 596 3028 lusus
612 2980 659 3028 tiis
677 2981 748 3030 dotus
763 2985 797 3030 est
805 2997 816 3040 ,·
834 2980 910 3030 Leid.
926 2985 951 3030 o.
967 2981 1124 3041 hrpumemorti
1138 2981 1201 3029 lusus
1213 2979 1256 3038 jus
1273 2981 1354 3028 datum
1369 2986 1405 3029 est
1411 2997 1421 3037 ,·

325 3039 419 3088 Venet.
430 3045 456 3089 5.
466 3041 556 3090 heisco
566 3045 828 3104 conjurarentur.
859 3045 920 3094 Vet.
939 3059 985 3108 pro
999 3047 1062 3094 lusus
1075 3045 1154 3093 habet
1171 3045 1249 3092 ludus.
1280 3044 1419 3093 Torrenins

325 3103 420 3178 probet
430 3106 497 3168 quoti
509 3106 535 3154 in
548 3107 622 3160 Leld.
631 3114 657 3159 6.
669 3113 784 3158 est-12
803 3107 886 3158 Etiam
903 3114 927 3158 st
944 3109 987 3158 s'tlc
1004 3109 1079 3158 Harl.
1097 3109 1155 3157 Fuit
1166 3109 1241 3157 ettilo
1250 3108 1323 3157 Voss.
1355 3108 1419 3157 Mox

325 3180 351 3214 ru
363 3167 466 3231 eodem,
482 3174 692 3222 coenaturum
702 3177 762 3222 erut.
795 3173 877 3223 Paulo
888 3179 958 3234 ante,
974 3178 997 3222 et
1010 3173 1125 3234 prandere
1143 3179 1167 3222 et
1186 3187 1277 3221 coesnre
1287 3172 1313 3220 in
1325 3172 1418 3235 Copes.

324 3235 390 3280 -lt
407 3233 488 3283 Erunt
506 3241 585 3285 ortem
604 3238 661 3286 adeo
679 3236 757 3286 Aldu.
776 3237 860 3286 Colin.
878 3237 970 3300 Steph.
990 3236 1089 3300 Gryph.
1107 3236 1182 3297 aliae3
1198 3236 1244 3286 sed
1259 3251 1310 3286 non
1330 3233 1419 3284 favent

325 3295 400 3348 codo.
419 3305 518 3360 preter
536 3314 614 3350 unum
631 3302 712 3352 Barb.
729 3304 875 3351 contineater
888 3301 975 3352 attenti
993 3301 1078 3351 Bitnr.
1097 3305 1119 3350 1.
1135 3302 1197 3351 Vst.
1215 3301 1307 3350 Lcidd.
1318 3305 1377 3351 6.(1.
1392 3305 1417 3350 7.

815 3460 926 3511 NOTAE

358 3591 367 3616 ¹
383 3584 506 3636 Plaustris
516 3585 542 3636 is
555 3585 651 3649 Urbem,
669 3587 721 3650 isc]
736 3587 797 3637 Sive
811 3589 855 3640 'l'i-
892 3587 1057 3638 veherentur.
1089 3588 1155 3638 Hae
1166 3586 1263 3639 Livius.

325 3661 422 3711 burtini
434 3663 508 3726 hujus
520 3661 618 3712 fraudis
635 3663 782 3714 inventores
797 3665 853 3714 fue·
925 3663 940 3692 ⁶
957 3663 1008 3714 An.
1025 3665 1064 3714 Μ.
1076 3668 1150 3715 3742.
1177 3664 1222 3715 01.
1235 3668 1291 3714 117.
1302 3668 1326 3714 2.
1352 3659 1416 3709 Urb-

327 3738 390 3799 rint,
406 3745 435 3787 ut
453 3738 545 3787 scribit
557 3738 660 3797 Livius;
678 3739 732 3789 sive
742 3739 853 3788 libertus
893 3739 923 3790 C.
935 3744 992 3792 442.
1019 3738 1080 3791 Ant.
1095 3741 1125 3790 C.
1137 3744 1193 3790 sto.

326 3812 440 3876 quidam,
456 3819 485 3863 ut
507 3813 664 3864 Plutarchus
679 3821 708 3864 et
726 3813 852 3876 Ovidius;
924 3818 932 3847 ²
950 3815 1081 3878 Prondsre]
1099 3816 1237 3865 Prandium
1253 3807 1417 3877 qnasisspr'r·

325 3902 376 3936 non
399 3890 468 3951 prins
497 3889 584 3939 dolum
613 3896 748 3939 senserunt
776 3889 853 3952 ebrii,
892 3893 949 3954 διον,
964 3891 1032 3956 quod
1048 3892 1155 3942 meridie
1172 3896 1326 3946 sumeretur3
1344 3884 1417 3934 osor

325 3975 402 4023 quem
415 3963 535 4025 planstris
547 3965 572 4013 in
584 3963 640 4014 foro
654 3965 749 4016 relictis
761 3967 851 4030 plenos
892 3967 961 4018 eninr
980 3967 1050 4018 idem
1068 3973 1152 4028 sonat,
1168 3963 1237 4028 quod
1248 3967 1339 4022 tempus
1349 3962 1418 4012 meri-

325 4039 432 4098 orepuls
451 4038 495 4088 lux
517 4041 664 4103 opp1·e·ssit;
682 4048 745 4094 tunc
764 4043 852 4105 populi
891 4045 995 4092 diarum.

327 4121 467 4161 concursus
486 4113 568 4164 rectus
591 4123 640 4179 est,
663 4117 852 4182 impetratoque
925 4117 1044 4178 uPullis]
1060 4115 1117 4164 crui
1137 4125 1216 4174 geniis
1237 4113 1364 4177 estquod
1384 4125 1432 4164 ex·

328 4189 357 4231 ut
369 4194 509 4250 manerent,
522 4190 619 4250 datum,
632 4198 659 4240 nt
670 4193 783 4241 triduum
792 4207 852 4255 qrro-
892 4188 974 4238 irrina
996 4196 1023 4236 et
1041 4201 1117 4251 sque,
1143 4185 1224 4236 mixto
1246 4188 1309 4253 sole,
1338 4190 1416 4242 conti-

327 4258 413 4310 tsnnis
427 4264 510 4312 ornati
528 4280 585 4316 cnm
601 4274 678 4316 centu
697 4283 743 4331 per
764 4267 852 4319 urbem
892 4265 966 4315 citur.
