3214 5170
379 434 445 499 rut
680 447 838 498 venenu
864 445 1010 496 usxrur
1036 441 1106 493 crs.
1132 448 1189 496 ιιι.

380 589 546 673 apparuit
568 588 657 670 Ergo
671 594 708 653 ut
723 589 843 673 Scipio
854 586 1046 672 pugnando,
1058 588 1108 652 ita
1122 587 1177 652 hic
1188 607 1253 653 non
1265 585 1468 664 dimicando,

377 693 525 760 maxime
540 689 671 752 ciuitati
684 694 807 754 noemae
821 688 1025 754 succurrisse
1041 688 1136 752 visus
1152 694 1242 754 est¹⁹
1271 687 1368 754 Alter
1378 689 1467 752 enim

378 789 547 853 celeritate
562 809 627 854 sua
648 789 878 870 Carthaginem
893 788 1081 870 oppressit:
1105 788 1189 852 alter
1205 789 1417 856 cunctatione
1432 787 1468 852 id

376 889 456 970 egit,
471 908 512 952 ne
528 890 637 954 Roma
650 888 793 970 opprimi
805 885 949 967 posset*

420 990 451 1054 3.
476 990 514 1055 G.
530 991 629 1054 ctiam
644 985 827 1052 Pisonemd
839 987 977 1052 mirifice
992 993 1027 1052 et
1039 994 1228 1052 constanter
1236 995 1263 1026 ²⁰
1278 988 1468 1053 turbulento

377 1090 574 1170 reipublicae
589 1094 678 1152 statu
691 1089 798 1169 egisse
814 1087 987 1152 consulem
1002 1088 1190 1152 narratione
1204 1088 1392 1170 insequenti
1406 1106 1470 1170 pa-

376 1188 473 1251 tebit.
517 1188 567 1251 M.
584 1187 760 1252 Palicani·
774 1186 1021 1250 seditiosissimi
1031 1185 1174 1250 hominis
1189 1188 1360 1270 pestiferis
1374 1188 1469 1251 blan-

375 1291 467 1355 ditiis
481 1295 662 1373 praereptus
684 1288 807 1370 populi
828 1288 924 1352 favor
944 1287 1177 1352 consularibus
1202 1274 1349 1352 comitiis
1378 1307 1469 1350 sum·

375 1411 465 1458 mum
485 1391 629 1454 dedecus
642 1389 815 1454 admittere
831 1388 1039 1463 conabatur,⁴
1061 1389 1308 1470 amplissimum.
1319 1389 1352 1450 ei
1366 1388 1470 1470 impe·

376 1493 461 1556 rium
476 1488 602 1554 deferre
618 1489 767 1572 cupiens,
783 1487 881 1570 cujus
895 1487 1069 1550 teterrimis
1087 1489 1173 1551 actis
1189 1488 1392 1569 exquisitum
1407 1509 1467 1571 po-

375 1593 445 1656 tius
461 1590 677 1673 supplicium,
693 1609 796 1671 quam
809 1590 901 1653 ullus
915 1590 1022 1653 bonos
1036 1588 1232 1654 debebatur.
1267 1588 1300 1655 N
1303 1609 1343 1654 ec
1357 1590 1468 1653 deerat

376 1698 596 1758 consternatae
610 1690 810 1755 multitudini
824 1690 951 1754 furialis
965 1691 1024 1754 fax
1038 1690 1224 1766 tribunicia,
1247 1710 1323 1772 quae
1338 1690 1465 1754 temeri-

375 1798 479 1858 tatem
494 1792 568 1874 ejns
583 1797 781 1855 struentem
797 1793 1022 1869 comitaretur,
1044 1799 1080 1856 et
1102 1793 1307 1872 languentem
1327 1791 1466 1856 actioni-

375 1895 441 1960 bus
456 1893 527 1957 suis
542 1891 794 1956 inflammaret.²¹
840 1892 880 1956 In
894 1892 960 1957 boc
983 1892 1168 1955 miserando
1190 1890 1316 1982 pariter,
1333 1896 1366 1955 et
1390 1908 1466 1954 eru·

373 1995 547 2060 bescendo
559 1997 646 2058 statu
657 1994 816 2070 civitatis,
827 1999 959 2056 tantum
971 1998 1074 2056 nou²²
1096 1992 1248 2056 manibus
1264 1991 1466 2056 tribunorum

374 2115 436 2178 pro
449 2094 587 2159 Rostris
603 2094 685 2157 Piso
700 2094 983 2172 collocetus,cum
997 2094 1074 2159 binc
1090 2098 1192 2175 atque
1206 2092 1298 2156 illinc
1309 2111 1386 2155 eum
1398 2111 1466 2156 am·

374 2194 514 2269 bissent,
551 2199 586 2256 et
614 2199 680 2258 ‘en
709 2193 917 2269 Palicanum,
947 2192 1112 2272 suffragiis
1141 2192 1259 2274 populi
1294 2193 1467 2257 consulem

375 2299 536 2366 creatum,
565 2294 811 2358 renuntiaturus
840 2293 951 2366 esset,’
989 2294 1257 2369 interrogaretur:
1281 2295 1389 2374 primo
1417 2312 1468 2357 re·

375 2393 526 2474 spondit,
549 2393 653 2458 ‘Non
666 2383 856 2454 existimare
880 2407 927 2463 se,
943 2388 1044 2451 tantis
1066 2388 1212 2450 tenebris
1235 2391 1378 2456 offusam
1392 2413 1468 2458 esse

375 2494 623 2574 rempublicam,
638 2496 675 2553 ut
696 2488 762 2551 huc
786 2484 993 2568 indignitatis
1008 2485 1190 2549 veniretur!
1235 2487 1368 2552 Deinde
1390 2481 1470 2560 cunr

374 2595 624 2675 perseveranter
638 2587 811 2664 instarent,
835 2605 876 2651 ac
893 2586 1059 2651 dicerent:
1082 2585 1186 2667 ‘Age
1204 2589 1231 2650 si
1248 2596 1379 2652 ventum
1394 2591 1470 2656 sue

375 2694 418 2754 rit
428 2689 467 2753 :’‘
481 2688 582 2752 ‘Non
591 2686 810 2765 renuntiabo:
820 2687 938 2769 inquit.
970 2686 1049 2765 Quo
1063 2687 1199 2769 quidem
1212 2694 1280 2753 tam
1294 2691 1431 2757 absciso
1442 2703 1467 2742 ²³

373 2808 537 2872 responso
550 2790 758 2853 consulatum
779 2789 957 2868 Palicano,
981 2789 1075 2872 prius
1099 2808 1201 2870 quarn
1224 2791 1317 2853 illum
1341 2793 1466 2878 adipis·

405 3009 419 3046 ὃ
434 3013 534 3075 Populus
545 3012 666 3063 blanditiis
676 3014 715 3062 M.
726 3014 834 3062 Palicani
844 3014 945 3064 bominis
954 3015 1124 3066 seditiosissimi
1135 3011 1331 3066 clusuratam:
1341 3019 1464 3068 admittere

373 3077 502 3126 maximum
512 3078 610 3126 dedecus
620 3078 646 3124 ic
656 3077 759 3126 comitiis
770 3079 942 3128 crustarum.

405 3147 415 3172 θ
433 3140 462 3188 st
471 3147 564 3189 vertum
574 3141 653 3200 fuerit
663 3157 698 3204 ec,
715 3146 741 3192 ut
752 3142 880 3191 Palicanus
892 3143 979 3191 Consul
989 3143 1100 3204 eligatur.

827 3284 840 3302 δ
843 3283 974 3306 neuun
977 3284 1005 3303 ΙΙ

371 3381 437 3426 -18
453 3377 525 3428 Leid.
540 3384 565 3428 7.
582 3380 620 3429 irc
636 3397 664 3432 oc
681 3396 721 3443 spe
739 3397 830 3444 semper
847 3383 1027 3446 superisa—19
1043 3383 1194 3435 ltaBrand.
1208 3391 1230 3434 t.
1241 3391 1265 3433 2.
1283 3393 1311 3436 et
1332 3387 1365 3435 ad
1386 3403 1459 3438 unum

371 3455 460 3489 omnes
479 3443 631 3502 Torreniaui
650 3459 708 3493 curn
719 3446 780 3494 Vet.
799 3447 871 3510 Meg.
885 3449 989 3496 Venett.
1002 3453 1025 3496 1.
1035 3453 1059 3496 2.
1069 3445 1093 3496 '3-
1104 3453 1127 3497 4.
1139 3455 1163 3496 5.
1180 3450 1286 3498 Medici.
1300 3455 1323 3501 1.
1332 3455 1358 3500 2.
1370 3456 1394 3500 b.
1404 3458 1427 3500 4.
1437 3459 1459 3503 t.

370 3511 397 3553 et
418 3519 506 3554 omnes
517 3505 595 3555 Aldd.
607 3509 691 3558 celin.
704 3515 731 3558 et
741 3505 841 3572 ¹Grypb.
873 3511 979 3574 Pighius
989 3524 1051 3560 vero
1064 3527 1096 3558 ex
1108 3509 1199 3561 Atreb.
1211 3521 1239 3561 et
1250 3513 1335 3562 Pulm.
1354 3516 1462 3578 brevius,

365 3570 559 3619 ‘moturum—20
582 3570 734 3621 Perizonius
757 3575 824 3636 conj.
850 3575 951 3640 mirifice
968 3580 1129 3633 constantem:
1153 3576 1248 3626 deinde
1269 3580 1415 3628 cumulatum
1435 3580 1461 3627 in

368 3633 520 3692 quibusdam
540 3633 675 3697 Pigbianis
696 3645 723 3684 at
739 3637 913 3687 Turrem-21
939 3639 1034 3701 Copae.
1053 3639 1225 3703 infloret-22
1241 3641 1285 3689 Ita
1304 3643 1409 3704 Pighius
1428 3656 1463 3690 ex

369 3693 462 3746 Arreb.
484 3697 573 3760 camp.
592 3700 717 3761 aliisque:
740 3707 768 3748 et
788 3701 828 3749 ita
846 3715 908 3750 sane
926 3715 1011 3754 omues
1031 3704 1197 3752 Torreuiani:
1221 3708 1380 3754 tautummodo
1399 3705 1460 3756 edd.

368 3765 497 3810 vett-itt
515 3761 558 3810 Sic
580 3762 607 3812 in
629 3761 746 3812 omnibus
768 3763 845 3814 codd.
866 3765 966 3816 abscisso
987 3766 1045 3816 edd.
1069 3776 1129 3817 ante
1151 3767 1346 3831 Pucinum-ss
1365 3769 1461 3830 Copes.

863 3909 972 3960 NOTAE

398 4017 415 4047 ²
426 4017 475 4068 An.
486 4017 525 4068 Μ.
538 4021 612 4067 3827.
630 4019 673 4070 01.
681 4025 737 4071 140.
748 4026 772 4072 4.
788 4021 892 4072 Urbc.
966 4023 1026 4071 εΜ.
1035 4023 1157 4086 Palicani]
1175 4025 1235 4075 Fuit
1249 4025 1291 4075 ilie
1306 4023 1402 4072 Picens
1414 4026 1462 4074 bu-

366 4089 423 4138 ssttd.
441 4091 502 4141 Aut.
515 4093 560 4142 Cb.
570 4099 626 4143 216.
931 4098 986 4146 mili
1006 4099 1064 4148 loco
1082 4107 1166 4158 ustus,
1177 4102 1270 4166 loquax
1283 4099 1367 4162 megia
1384 4116 1462 4165 quam

397 4161 409 4192 θ
422 4165 450 4212 C.
461 4167 533 4214 etiam
545 4169 672 4231 *Pisoneml
698 4170 749 4222 Qut
765 4173 814 4220 boc
825 4185 892 4220 enno
933 4171 1068 4221 facundus.

366 4248 423 4285 curn
437 4236 521 4286 Acilio
533 4242 676 4292 Glabrione
688 4246 860 4295 consuleret.
932 4269 934 4276 ·
