3266 5174
390 431 475 480 GAP.
491 429 545 476 ix.
568 430 617 478 Dii
628 429 829 478 ,ΟΕΝΒΟΕΙΛ
853 429 1101 480 ssvblerms.
1227 417 1293 483 309

555 668 559 676 ’
640 713 758 803 ΜΡ.
781 713 852 777 rx.

413 879 479 945 nn
499 880 742 948 censorem
765 841 1088 947 snvnnmuum

222 1055 236 1102 ι
256 1050 292 1099 M.
314 1047 414 1099 camilli
432 1055 461 1100 et
480 1049 518 1100 M.
540 1048 682 1107 Postbumii
703 1049 729 1099 in
784 1054 801 1100 6
818 1048 849 1098 C.
860 1047 970 1098 Neronis
981 1053 1008 1097 et
1019 1049 1057 1100 M.
1067 1048 1218 1100 Salinatoris
1225 1051 1254 1109 ,in
1266 1065 1293 1102 se

270 1113 383 1162 coelibes.
833 1117 923 1163 mutuo
934 1120 962 1162 et
970 1115 1091 1177 populum
1103 1113 1253 1165 Romanum.

219 1182 237 1228 2
254 1177 292 1226 M.
301 1177 399 1227 Valerii
410 1177 482 1228 Mas.
493 1182 521 1226 st
529 1176 559 1228 C.
568 1177 641 1230 Jnuii
653 1179 729 1229 Bruti
784 1182 799 1226 i
817 1178 855 1226 M.
873 1177 1002 1227 Messalla
1018 1185 1046 1228 et
1064 1179 1096 1228 P.
1112 1179 1255 1244 Sempronii
1267 1181 1293 1230 in

269 1242 296 1288 in
308 1242 337 1291 L.
350 1241 500 1292 Antonium.
833 1241 1034 1306 quadringentos
1044 1243 1154 1304 equites.

220 1305 237 1355 8
254 1305 408 1356 Mentoris
420 1307 446 1354 in
458 1306 487 1356 1.
499 1305 675 1357 Flamininum.
783 1309 800 1355 8
816 1307 855 1356 Μ.
865 1307 961 1369 Reguli
973 1313 1001 1356 et
1011 1306 1042 1356 P.
1052 1307 1120 1356 Phili
1133 1309 1159 1356 in
1170 1308 1292 1373 reliquias

219 1374 236 1420 t
256 1371 286 1419 C.
296 1370 407 1420 Fabricii
416 1371 441 1420 in
453 1370 485 1419 P.
497 1369 625 1422 Rufinum.
833 1370 990 1420 Cannenses.

220 1441 236 1483 5
254 1434 292 1483 Μ.
316 1433 423 1484 Antonii
444 1442 473 1484 et
493 1436 524 1485 1..
535 1435 623 1484 Flacci
642 1433 669 1482 in
690 1433 729 1483 Μ.
784 1431 870 1484 soni
892 1435 975 1483 norsti
994 1431 1027 1483 ad
1046 1449 1180 1487 censuram
1203 1441 1293 1502 postea

269 1500 422 1549 Duronium.
834 1503 1017 1562 peruenerunt.
1206 1511 1209 1516 ·

247 1691 483 1758 Gusrnnusrs
498 1691 685 1774 disciplinae
707 1690 959 1756 tenacissimum
972 1692 1145 1756 vinculum
1159 1699 1193 1759 et
1206 1695 1292 1761 mili-

202 1793 437 1858 indurationis
453 1792 595 1874 diligens
620 1795 810 1858 observatio
822 1794 999 1860 admouet¹
1020 1814 1083 1873 me,
1107 1796 1201 1862 ulad
1216 1817 1292 1862 een-

204 1904 342 1980 snram‚·
362 1897 457 1978 pacis
471 1896 664 1976 magistram
678 1894 929 1980 custodemque,
945 1896 1173 1978 transgrediar.
1203 1897 1293 1962 Nam

203 2002 242 2058 ut
253 2015 338 2078 opes
352 1996 472 2078 populi
487 1997 635 2060 Bomio
650 2003 777 2060 tantum
791 1997 1038 2079 amplitudinis³
1060 1999 1293 2081 imperatorum

201 2096 383 2162 virtndbus
398 2103 625 2176 excesserunt,
638 2099 685 2162 itu
699 2098 848 2181 probitas
863 2103 898 2163 et
920 2099 1121 2164 continentia
1135 2101 1290 2166 censorio

202 2199 382 2281 supercilio
393 2201 582 2265 examinata
594 2207 671 2264 est!
715 2199 812 2283 Opus
828 2199 950 2265 effectu
963 2220 1026 2283 par
1039 2199 1169 2266 bellicis
1187 2201 1293 2267 laudi-

201 2301 276 2364 bus.
321 2299 412 2380 Quid
426 2302 511 2364 enim
526 2301 663 2386 prodest
676 2300 758 2364 ioris
770 2319 844 2364 esse
859 2306 1038 2379 strennum,
1054 2301 1084 2366 si
1098 2301 1188 2367 domi
1200 2305 1291 2369 male

202 2402 349 2466 uinitori
399 2400 641 2484 Expugnantur
666 2400 750 2466 licei
778 2402 889 2478 urbes,
918 2403 1141 2488 corripiantur
1166 2413 1292 2486 gantae,

201 2504 310 2586 regnis
324 2503 514 2589 injiciantur
525 2523 658 2581 manua,
673 2504 737 2568 nisi
760 2503 831 2569 soro
848 2510 882 2568 et
895 2505 998 2569 curiae
1022 2505 1166 2572 officium
1181 2526 1222 2572 ac
1237 2527 1292 2572 ve-

110 2671 113 2678 ,
199 2603 359 2670 secundia
374 2611 457 2668 sua4
478 2607 672 2684 eonstiterit,
695 2614 865 2689 partarum
890 2626 1001 2672 rerum
1025 2615 1180 2692 aequatus
1204 2610 1292 2674 coelo

199 2707 351 2770 cumulus
366 2704 481 2768 sedem
495 2707 647 2770 stabilem
662 2727 728 2772 non
742 2707 902 2775 habebis*
943 2707 1000 2774 Ad
1014 2729 1085 2776 rem
1109 2711 1207 2795 igitur
1221 2731 1292 2795 per-

232 2903 245 2926 ⁶
260 2893 301 2941 lto
309 2891 416 2956 probitas
425 2897 448 2941 et
458 2895 602 2944 comissatio
613 2895 700 2944 rivium
708 2898 845 2946 examinate
855 2903 891 2947 est
898 2903 1023 2952 maritate
1034 2905 1170 2954 censorum.

233 2955 244 2988 ⁶
259 2957 328 3006 Licet
337 2957 461 3018 cupiuntur
471 2957 548 3021 urbes,
563 2965 646 3021 gentes
661 2959 687 3006 in
705 2960 842 3008 semuncem
860 2963 994 3024 rapiuntur,
1015 2971 1039 3014 et
1056 2982 1132 3030 regnu
1150 2966 1292 3028 adjicimus

201 3019 322 3084 imperim
337 3022 386 3070 uisi
406 3026 429 3069 ot
439 3022 539 3086 qiidam
549 3029 573 3070 et
583 3021 724 3070 omecondio
739 3030 869 3086 moerim,
886 3030 937 3073 tom
957 3029 982 3075 in
994 3027 1097 3087 judiciis
1114 3045 1166 3090 ques
1177 3028 1292 3089 suuntur

199 3085 360 3145 informium
371 3084 397 3133 iu
407 3085 591 3148 sententiisque
602 3086 713 3134 dicuutur
724 3086 750 3134 iu
763 3087 854 3146 Cnrin;
869 3103 966 3139 omruus
985 3104 1064 3141 rerum
1082 3092 1141 3140 bello
1158 3098 1293 3156 partorum,

198 3150 271 3199 etium
282 3150 304 3198 si
314 3152 345 3199 sd
355 3151 435 3198 eoelum
442 3164 513 3214 usquo
521 3150 676 3214 pertingeret,
686 3164 732 3198 uon
742 3149 783 3199 diu
789 3151 944 3213 psmuuuebit.

659 3277 838 3300 mm

230 3363 244 3408 1
262 3359 401 3424 Inscriptio
421 3359 496 3424 hujus
509 3360 573 3424 Cup.
585 3367 634 3424 est,
650 3362 689 3412 De
699 3363 805 3414 censorio
821 3367 886 3424 noto,
903 3361 930 3411 in
948 3363 1046 3412 Brund.
1064 3368 1087 3414 l·
1097 3368 1121 3414 ἓ.
1141 3370 1169 3414 et
1180 3365 1290 3415 Vsu—a

198 3423 243 3472 Ite
260 3439 347 3474 omnes
365 3425 471 3474 Torren-
489 3425 564 3474 codd.
583 3433 611 3475 et
630 3426 672 3474 alii
692 3425 793 3487 decem,
809 3442 868 3476 cum
889 3429 950 3476 Vet.
968 3427 1041 3490 Mog.
1060 3429 1167 3478 Veneti.
1186 3428 1293 3482 Medici.

199 3486 278 3538 Aldd·
292 3490 375 3539 Coliu.
387 3489 488 3553 Grypb.
499 3497 528 3538 et
538 3490 628 3553 Steplr.
638 3493 761 3541 admouent
772 3491 881 3541 dederet
893 3492 1011 3554 Pighius,
1020 3506 1130 3557 eumque
1141 3493 1223 3544 secuti
1232 3501 1292 3546 sunt

200 3551 307 3602 Corrud.
320 3554 390 3618 Lips.
400 3555 521 3606 Janesou.
534 3555 643 3604 Elsevir.
655 3555 735 3618 Tbys.
753 3562 781 3604 et
791 3556 934 3618 Delpb.-ll
953 3556 1073 3613 Pighius:
1092 3558 1119 3606 iu
1134 3563 1225 3607 tontum
1241 3571 1291 3608 sut·

194 3616 350 3680 plitsdiuem,·
368 3616 413 3666 sed
425 3619 463 3668 Co
482 3633 517 3668 es.
529 3633 587 3668 cum
599 3619 745 3683 quindecim
755 3622 863 3670 Torren.
876 3627 903 3669 et
911 3621 972 3670 Vet.
984 3621 1057 3684 Mog.
1066 3622 1176 3671 Venett.
1184 3622 1292 3671 Mediol.

199 3679 277 3752 Aldd.
291 3688 318 3730 et
328 3681 418 3745 Stepb.
430 3633 526 3733 hadent
535 3684 599 3733 leet.
610 3690 781 3734 nostram—i
798 3683 944 3735 Pronomen
955 3699 998 3734 suo
1009 3685 1083 3736 deest
1092 3686 1119 3735 in
1130 3686 1220 3736 Rbem.
1233 3691 1257 3736 l.
1265 3690 1290 3740 2.

692 3794 799 3846 NOTAE

230 3893 242 3923 ⁸
261 3891 295 3940 Ut
312 3891 343 3940 nd
359 3903 487 3952 censorum,
505 3892 558 3955 qa]
576 3893 620 3942 Nil
640 3893 725 3955 aptius
765 3898 815 3955 est,
833 3899 862 3942 ut
877 3905 975 3943 morum
986 3891 1181 3958 disciplinaque
1199 3893 1290 3942 Rosos·

196 3965 232 4014 de
250 3966 392 4016 censorum
410 3972 540 4029 potestate
559 3967 611 4017 dici
629 3973 724 4030 potest,
764 3982 805 4016 nas
835 3981 913 4030 penes
942 3981 999 4016 eam
1029 3966 1153 4030 regimen,
1180 3968 1289 4019 Senatum

198 4053 273 4102 quam
284 4040 353 4105 quod
365 4041 453 4091 Livius
464 4041 544 4092 babet
560 4042 606 4092 lib.
616 4055 655 4092 ιν.
667 4057 690 4092 c.
701 4047 724 4092 8.
765 4043 939 4108 Equitnmqne
950 4042 1087 4106 centuriae,
1097 4043 1198 4094 decoris
1213 4045 1291 4096 deds-

197 4114 271 4174 cojns
281 4116 338 4166 baec
349 4115 513 4168 verbssnnt:
527 4117 725 4178 ‘moraremi-
762 4119 882 4183 corisqne
901 4118 1037 4168 discrimen
1054 4118 1101 4169 snb
1120 4119 1218 4171 ditione
1232 4121 1290 4184 ejus

198 4187 262 4236 tium
273 4189 332 4254 fuit,
343 4193 380 4242 rei
398 4209 414 4244 n
433 4209 513 4258 parus
531 4195 629 4258 origine
641 4203 723 4259 ortae3
764 4196 941 4260 Megistrstns‚
956 4194 1116 4259 publicorum
1131 4198 1184 4262 jus,
1205 4199 1290 4262 privs·

197 4276 256 4328 qnss
267 4265 360 4318 deinde
380 4275 453 4322 tento
470 4272 628 4324 incremento
648 4280 724 4327 auctu
764 4279 899 4339 torumque
913 4273 1036 4336 locorum,
1052 4275 1226 4340 etuectigulia
1240 4288 1289 4340 ppo·
