3432 5236
363 433 427 502 136
672 445 830 496 vinnan
854 447 998 494 Maxim
1024 447 1097 495 nra.
1119 449 1143 495 1.

361 600 470 664 sectus
499 594 634 660 classisi
664 593 836 658 Melitam‘¹
860 592 1059 674 appulisset,
1085 600 1120 656 et
1144 613 1240 675 aeque
1269 613 1311 658 ex
1336 593 1450 658 iano⁸⁷

363 701 386 764 J
388 698 506 763 unonis
518 697 635 760 dentes
650 697 814 760 eburneos
828 694 963 758 eximiae
979 694 1216 776 magnitudinis
1233 696 1393 773 sublatos,
1408 693 1452 760 ad

364 819 438 864 eum
454 817 514 881 pro
529 797 616 861 dono
631 798 812 874 attulisset,
835 803 873 861 ut
896 796 1063 878 comperit
1077 796 1167 859 unde
1183 796 1313 860 advecti
1329 803 1453 874 esseut,

365 899 612 982 quinqueremi‘
632 898 848 981 reportandos
864 897 1031 976 Melitam,
1057 897 1156 980 inque
1170 897 1295 979 templo
1309 897 1454 961 lunonis

364 1000 579 1066 collocandos
605 1001 744 1076 curavit,
766 1001 952 1082 insculptos
977 999 1083 1081 gentis
1099 1018 1170 1063 suae
1184 997 1304 1074 literis,
1330 997 1454 1078 signifi-

364 1104 527 1181 cantibus,
543 1107 676 1185 ‘regem
688 1103 891 1184 ignorantem
902 1120 961 1163 eos
975 1102 1167 1183 accepisse3
1188 1099 1324 1164 libenter
1335 1095 1455 1162 Deae⁸⁸

364 1203 591 1267 reddidisse't
636 1202 777 1266 Factum
798 1201 992 1266 Masinissae
1018 1203 1139 1279 animo,
1165 1200 1302 1284 quam⁸⁹
1324 1198 1455 1264 Punico

365 1304 517 1387 sanguini
532 1305 769 1371 conveniens:“
791 1322 980 1387 quanquam
994 1303 1076 1385 quid
1101 1304 1214 1369 attinet
1237 1322 1345 1367 mores
1370 1301 1454 1365 nati-

366 1426 429 1472 one
444 1407 629 1490 perpendil
641 1415 668 1456 ⁹0
690 1408 725 1471 in
744 1407 855 1472 media
878 1407 1032 1471 barbaria
1052 1415 1156 1485 ortus,
1183 1408 1392 1490 sacrilegium
1407 1426 1455 1471 re-

365 1509 467 1574 scidit
481 1509 648 1573 alienum?

369 1640 372 1652 ¹
406 1611 439 1676 3.
450 1611 626 1695 Syracusis
640 1609 843 1696 Dionysius‘
854 1613 1014 1694 genitus’
1030 1619 1082 1677 tot
1097 1615 1274 1696 sacrilegia
1289 1631 1362 1689 sna,
1374 1616 1457 1694 quot

360 1715 431 1798 jam
447 1714 730 1794 recognoscimus
750 1713 880 1796 jocosis
895 1713 998 1777 dictis
1013 1715 1171 1796 prosequi
1185 1714 1363 1797 voluptatis
1380 1714 1457 1776 lnco

366 1814 509 1879 duxitrt
529 1815 607 1877 fano
622 1815 709 1877 enim
732 1815 945 1896 Proserpinae
968 1815 1112 1898 spoliato
1141 1815 1273 1892 Loutia,
1299 1833 1375 1877 cnm
1397 1831 1458 1896 per

367 1916 473 1979 altum
488 1917 634 1980 secundo
649 1923 750 1980 vento
765 1918 874 1980 classe
889 1915 1071 1994 veheretur,
1086 1917 1207 1993 ridens,
1230 1915 1360 1992 amicis,
1375 1913 1458 1978 ‘Vi-

367 2019 521 2095 detisne'
535 2019 591 2093 ait,
608 2021 729 2102 ‘quam
744 2018 1011 2100 bouanavigatio
1026 2021 1069 2083 ab
1082 2020 1166 2104 ipsis
1178 2019 1254 2083 Diis
1263 2019 1458 2084 immortali-

367 2119 433 2182 bus
447 2119 622 2200 sacrilegis
648 2118 841 2183 tribuaturl’
887 2120 1047 2185 Detracta
1062 2121 1165 2185 etiam
1179 2119 1202 2185 J
1205 2121 1260 2185 ovi
1277 2120 1459 2203 Olympio⁸

398 2308 412 2331 ¹¹
425 2299 498 2376 'Quod
510 2299 604 2360 sutum
614 2303 691 2364 magis
701 2303 838 2352 amussim
847 2303 925 2348 asima
937 2302 1082 2363 Masinissa,
1098 2302 1139 2363 qui
1154 2301 1209 2364 pius
1226 2306 1287 2362 erat,
1310 2314 1378 2361 qum
1390 2301 1459 2362 genti

368 2365 568 2491 Quamquam
578 2443 624 2476 sss
634 2428 717 2476 debeat
727 2440 801 2474 mores
810 2425 925 2473 autmari
935 2440 950 2472 a
960 2425 1008 2472 icco
1019 2425 1045 2472 is
1054 2440 1097 2486 quc
1106 2423 1207 2485 configit
1217 2426 1296 2474 susa:
1310 2425 1461 2487 sacrilegium

366 2493 429 2541 suist
440 2494 501 2553 quod
510 2495 572 2542 ulter
581 2491 738 2548 commiserat,
749 2490 786 2536 cir
793 2489 857 2551 pius,
867 2487 923 2535 iicet
931 2488 958 2535 is
969 2489 1046 2535 media
1056 2492 1122 2536 ortus
1132 2487 1248 2546 barbaric,
1258 2488 1373 2551 expiauit.

397 2565 415 2589 ¹·
431 2557 565 2620 Dionysius
575 2558 646 2602 satus
656 2551 781 2614 Syracusis
791 2550 950 2601 delectabatur
955 2549 1034 2611 jocari
1045 2551 1117 2600 dictis
1133 2551 1214 2614 impiis
1229 2552 1258 2600 de
1276 2556 1312 2600 tot
1330 2551 1461 2613 sacrilegiis

367 2621 425 2684 suis,
441 2619 559 2683 quatiam
570 2629 720 2666 recensemus.

820 2727 1002 2748 ‘Mum

368 2827 400 2876 lu
412 2826 563 2891 quibusdam
575 2825 710 2875 Torrenil:
727 2832 752 2876 et
772 2828 951 2890 oeqchuacuis
971 2843 1002 2878 en
1014 2829 1090 2888 saue:
1109 2828 1134 2876 in
1155 2827 1340 2891 septemdecim
1361 2827 1418 2876 aliis
1435 2835 1464 2877 et
1547 2832 1561 2854 ¹'

351 2892 355 2896 “
369 2893 432 2940 Vet.
444 2895 468 2939 ct
478 2905 534 2952 eque
545 2890 717 2950 aufusu—88
733 2891 840 2955 Pighius
851 2892 929 2955 legit:
948 2893 1102 2956 accepisse‚et
1114 2892 1214 2942 liberter
1224 2894 1293 2955 Dec,
1303 2896 1344 2956 irc.
1377 2893 1465 2943 Parti·

368 2957 452 3006 culam
475 2955 648 3017 copulativam
670 2969 722 3005 non
744 2963 887 3020 agnoscunt
909 2957 983 3006 codd.
1003 2964 1031 3005 et
1048 2957 1107 3006 edd.
1128 2957 1272 3020 antiq—89
1289 2958 1410 3020 ‘Pighius
1431 2973 1462 3005 ex

371 3021 461 3083 Camp.
484 3018 567 3082 legit:
584 3019 721 3069 Masinissa
738 3023 793 3084 plus
810 3023 897 3084 cuma,
914 3036 999 3085 quam
1016 3021 1134 3086 Guyetus
1156 3022 1279 3085 conjicit:
1303 3023 1368 3070 Mas.
1386 3023 1463 3070 mima

367 3085 454 3146 magis,
465 3097 544 3145 quam.
576 3083 629 3132 Sed
639 3098 724 3161 neque
732 3087 794 3149 plus,
811 3100 896 3152 neque
905 3088 983 3148 arogis
992 3101 1066 3150 opus.
1100 3087 1323 3150 subintelligenda
1334 3094 1372 3134 est
1385 3086 1463 3149 parti·

369 3150 427 3198 cula
437 3149 523 3210 magis,
540 3147 578 3197 uti
588 3147 729 3212 saepissime
741 3151 767 3199 in
777 3151 949 3214 scriptoribus
961 3151 1099 3200 veteribus.
1131 3151 1192 3200 Vid.
1213 3165 1291 3214 supra
1307 3150 1338 3198 sd
1357 3149 1464 3199 Praelat.

368 3213 514 3263 Gronovius
528 3227 576 3275 pro
586 3213 665 3263 asima
675 3214 792 3277 conjicit,
802 3213 924 3264 Romano!
942 3216 1029 3280 Kapp.
1062 3214 1145 3264 Codd.
1165 3216 1262 3264 Brsnd.
1273 3218 1297 3262 l.
1310 3219 1334 3262 2.
1354 3221 1384 3262 et
1401 3215 1464 3265 Tor·

368 3279 434 3327 renii
447 3291 497 3325 uon
509 3276 605 3326 babent
615 3277 678 3339 plus,
694 3280 763 3340 quod
777 3284 863 3326 tamen
875 3278 980 3326 exbibet
992 3292 1057 3324 rrnrrs
1069 3278 1165 3340 Ultraj.
1182 3279 1260 3340 magis
1274 3284 1346 3325 extet
1358 3278 1383 3324 in
1401 3278 1463 3326 duo·

369 3343 416 3390 bns
437 3339 595 3390 Letoa-oo
612 3339 730 3402 Pighius,
745 3343 840 3390 actim
858 3341 937 3403 pendi.
971 3340 1007 3389 At
1024 3341 1121 3390 Brund.
1144 3347 1166 3390 l.
1186 3345 1210 3390 2.
1232 3341 1415 3390 omnesVorst.
1436 3347 1488 3404 et·

369 3406 495 3468 Torrenii,
511 3411 539 3453 et
549 3407 610 3455 Vet.
623 3404 695 3467 Mag.
706 3404 812 3452 Veneti.
825 3409 848 3452 l.
859 3409 882 3454 2.
893 3412 922 3454 et
933 3405 1039 3454 Mediol.
1053 3410 1076 3454 1.
1088 3409 1111 3454 2.
1124 3405 1219 3453 babent
1228 3404 1356 3467 pupesdi:
1372 3406 1461 3469 Stepb.

858 3548 965 3600 NOTIE

400 3668 411 3701 ‘¹
428 3665 550 3728 Melitam]
573 3663 686 3713 insulani
708 3662 787 3710 maris
806 3661 896 3726 Siculi,
936 3661 1112 3728 perfraudem
1132 3664 1277 3729 tyrannide,
1294 3661 1461 3714 suacrudeli·

368 3744 396 3791 in
407 3756 458 3808 qus
468 3742 593 3805 templum
610 3745 668 3788 erat
684 3738 792 3788 Jrrnonis
804 3751 896 3802 peran·
937 3744 991 3787 tate
1003 3737 1152 3788 nobilitatus
1164 3744 1220 3788 est:
1240 3740 1278 3787 vir
1291 3745 1374 3788 tamen
1392 3735 1461 3784 bello

368 3821 479 3884 tiquam.
497 3819 574 3868 Nunc
586 3818 670 3866 Malle.
935 3822 1064 3876 strenuus,
1081 3830 1096 3862 a
1115 3829 1166 3879 quo
1178 3816 1240 3865 victi
1251 3813 1344 3878 saepius
1355 3810 1460 3861 Cartba-

400 3903 412 3928 θ
429 3894 607 3959 Quiuqueremr]
624 3894 711 3943 Genus
727 3892 799 3942 navis
815 3893 894 3957 quod·
935 3889 1072 3953 ginienses.

369 3969 427 4020 dam
447 3981 497 4035 est,
512 3973 553 4020 cui
577 3971 688 4036 quinque
708 3982 835 4020 remorum
854 3983 894 4018 or·
968 3964 983 3995 “
999 3965 1051 4015 An.
1067 3967 1104 4016 Μ.
1120 3970 1193 4016 8657.
1229 3963 1272 4013 01.
1282 3967 1323 4011 95.
1334 3965 1357 4009 l.
1394 3964 1460 4014 Urb.

369 4043 450 4094 dines.
831 4089 840 4106 ,
935 4042 1033 4091 0356.
1060 4042 1251 4091 Anacreon.

403 4124 414 4174 t
432 4119 482 4166 Aa.
494 4118 533 4168 M.
546 4123 618 4168 seso.
648 4120 691 4170 οι.
705 4125 759 4172 res.
771 4126 794 4171 1.
828 4119 896 4171 vrb.
966 4117 1050 4163 Νυνὶ
1061 4115 1181 4178 olympia]
1199 4110 1276 4161 ΗΜ
1287 4115 1378 4175 procat
1389 4130 1404 4164 ἃ
1415 4116 1461 4183 St·

370 4192 400 4242 C.
409 4196 466 4240 ⁵⁴9.
493 4193 556 4241 Aut.
568 4195 615 4243 ch.
626 4199 683 4244 203.
935 4191 1033 4240 racusis
1045 4191 1167 4252 templum
1180 4187 1241 4237 illud
1253 4186 1312 4252 tait,
1328 4204 1361 4239 ex
1372 4191 1458 4243 Cicer.

400 4263 412 4296 f
425 4264 563 4326 muudus]
581 4267 680 4330 Senior,
706 4270 750 4331 qui
770 4275 895 4333 occupata
935 4266 1011 4316 Orat.
1033 4265 1059 4314 in
1083 4264 1200 4314 Verrem.
1240 4265 1345 4330 Jupiter
1364 4269 1461 4321 dieitur
