3214 5170
314 389 382 460 822
617 401 772 460 vannurr
797 399 944 449 usxrmr
970 401 1043 454 aru.
1067 403 1107 450 rr.

315 557 474 631 noscat,¹⁷
494 543 678 612 leotiillius
691 541 833 608 frontem
848 541 1082 612 Macedonicis
1097 548 1276 632 triumphis
1301 549 1407 615 inisse

316 655 520 720 adornatam·
578 644 744 725 Quantum
774 644 862 709 onim
899 644 1010 711 Paulo
1036 649 1233 727 tribuerunt,
1271 659 1409 734 propter

317 770 416 838 quem
430 749 535 831 gentis
550 766 622 812 euro
638 746 786 811 cladium
808 745 937 812 indicia
959 767 1020 831 per
1043 768 1101 813 ora
1123 751 1214 832 vulgi
1237 751 1320 815 ferre
1344 762 1409 816 non

315 851 574 916 exhorruerunt?
597 847 688 930 quod
704 850 932 930 spectaculum
946 849 1053 913 funeri
1063 849 1087 888 ¹⁸
1110 851 1255 932 speciem
1271 851 1409 917 alterius

315 950 473 1032 triumphi
502 949 637 1033 adjecit
682 948 744 1012 Bis
769 949 856 1013 enim
885 954 929 1027 tc,
958 950 1075 1028 Paule,
1103 951 1307 1016 Macedonia
1335 953 1410 1017 urbi

316 1057 440 1120 nostrae
469 1049 633 1114 illustrem
657 1047 819 1113 ostendit:
842 1050 1054 1130 incolumem,
1084 1053 1202 1135 spoliis
1227 1053 1315 1117 suis:
1338 1053 1410 1118 fato

316 1153 475 1226 iunctum,
491 1149 687 1229 humeris&

358 1252 391 1314 4.
413 1249 467 1314 Ne
475 1249 535 1314 filii
543 1249 679 1332 quidem
694 1253 745 1317 tui
760 1251 932 1336 Scipionis
944 1255 1128 1336 AEmiliani,
1143 1273 1241 1338 quom
1255 1257 1290 1320 in
1305 1254 1410 1338 adop·

232 1349 235 1358 ’
316 1352 439 1418 tiouom
452 1350 576 1429 dando,
591 1351 729 1417 duarum
742 1354 945 1420 familiarum
969 1361 1195 1424 ornamentum
1219 1375 1293 1420 esse
1313 1355 1409 1421 volu-

315 1452 385 1529 isti,
408 1453 579 1537 majestati
604 1473 724 1537 parum
746 1456 883 1521 honoris
903 1457 1063 1521 tributum
1084 1462 1151 1521 est:
1174 1477 1251 1521 eum
1262 1466 1287 1508 ¹⁹
1300 1459 1410 1537 enim,

316 1555 563 1620 adolescentem
576 1555 769 1636 admodum,
782 1576 804 1620 a
814 1557 957 1622 Lucullo
972 1554 1125 1622 consuloj
1140 1559 1275 1641 petendi
1290 1560 1410 1624 auxilii

295 1681 301 1686 ·
316 1653 445 1739 gratia¹¹
467 1677 512 1721 ex
527 1656 697 1740 Hispania
722 1655 757 1720 in
780 1655 932 1722 Africam
947 1659 1099 1736 missum,
1120 1656 1410 1740 Carthaginienses

316 1764 350 1822 et
364 1757 547 1822 Masinissa
562 1757 640 1821 Rex
662 1756 704 1820 do
718 1775 806 1840 pace
822 1756 1104 1840 disceptatorem}
1124 1758 1217 1824 velut
1239 1759 1410 1824 consulem

318 1865 352 1924 et
364 1860 603 1941 imperatorem,
617 1858 827 1923 habuerunt:
869 1857 993 1940 Ignara
1007 1859 1142 1942 quidem
1164 1860 1309 1923 fatorum
1333 1851 1411 1923 suoss

317 1978 391 2024 rum
406 1959 587 2042 Carthago.
630 1958 779 2024 Orientis
794 1961 883 2026 enim
902 1958 987 2024 illud
1005 1959 1157 2043 juventae
1177 1960 1295 2036 decus,
1323 1958 1412 2024 Deo-

275 2131 279 2138 .
317 2059 686 2145 rumatquehominum
699 2059 917 2143 indulgentia,
944 2060 988 2124 ad
1010 2061 1180 2125 excidium
1202 2059 1277 2143 ejus
1300 2059 1412 2125 aleba-

348 2285 363 2320 θ
378 2285 407 2336 Si
417 2290 469 2350 qais
478 2290 538 2338 rotat
547 2291 690 2340 unimores
698 2294 790 2352 pmcn
805 2290 871 2338 ittae
886 2288 940 2336 acri
953 2287 1033 2346 saitae
1049 2289 1182 2337 decoratam
1196 2290 1294 2350 iropoeir
1310 2301 1342 2337 ea
1357 2286 1414 2334 Ma·

317 2350 413 2400 ordonio
422 2353 486 2404 aare
493 2355 591 2405 relatis:
607 2368 675 2417 quera
685 2354 747 2402 caim
755 2353 866 2400 louorerrr
880 2351 1013 2400 trauersae
1024 2351 1101 2399 Paule
1113 2351 1222 2409 AEmitio,
1231 2356 1329 2414 propter
1344 2364 1412 2413 quera

317 2417 496 2481 semetipsi
507 2418 576 2478 ferre
591 2415 828 2466 omeocoloreioiom
848 2414 1006 2462 Romanorum
1023 2419 1172 2462 monumenta
1187 2414 1280 2463 clodum
1298 2428 1357 2478 quor
1371 2414 1413 2462 itu

316 2480 385 2541 certi
395 2481 498 2543 ipsoram
508 2477 641 2528 intulerat!
657 2479 712 2536 Ba,
720 2478 806 2537 Paule,
816 2477 949 2541 apparuisti
956 2477 1011 2526 orti
1018 2482 1105 2526 aortroe
1114 2475 1143 2525 ot
1151 2477 1314 2527 Macedonium
1324 2477 1413 2526 uictam

316 2544 448 2605 glorioso:
460 2543 637 2605 primumdum
647 2541 734 2604 spoliis,
744 2543 836 2604 quaudo
847 2555 877 2590 ea
888 2555 916 2590 eo
932 2541 1053 2590 incolomis
1062 2539 1173 2598 rediirti;
1190 2541 1273 2594 dende
1290 2542 1317 2592 ia
1333 2541 1411 2604 repat·

318 2611 374 2656 turo
384 2613 436 2666 tuo,
446 2607 535 2669 quoodo
544 2605 610 2654 aaa
619 2605 744 2667 Pmmpea
751 2605 801 2652 saie
812 2605 914 2653 domnia
924 2609 948 2653 te
958 2610 1075 2654 raortarrm
1083 2605 1197 2654 tulerant.

351 2680 361 2706 ⁸
376 2671 449 2720 Pacis
454 2669 579 2733 witimar,
589 2667 822 2732 torquearisoisrei
834 2669 922 2718 (lomet
936 2673 959 2718 rt
970 2669 1113 2733 Imperator,
1123 2670 1251 2731 elegerunt.

320 2956 350 3001 17
367 2949 457 3002 Leidd.
468 2956 491 3002 d.
501 2955 525 3001 t.
536 2950 616 3002 Barb.
628 2954 653 2999 1.
663 2949 686 2998 εἰ
696 2948 737 3012 qai
746 2951 887 3010 cognosccat
896 2963 906 3008 ,·
923 2948 1016 3012 Copes.
1034 2947 1057 2996 aa·
1074 2949 1115 3012 qai
1125 2951 1251 3010 mercer
1257 2963 1268 3006 ,·
1284 2947 1379 3012 Ultraj.
1389 2953 1415 2999 l.

317 3015 396 3065 habet
413 3015 492 3064 etiam
510 3015 533 3064 oi
551 3015 600 3078 qui.
632 3013 737 3063 Deinde
748 3013 824 3062 Voss.
843 3011 1077 3072 deletitia-18
1095 3013 1194 3061 Decem
1214 3010 1290 3060 codd.
1306 3012 1412 3062 Torren.

319 3095 376 3130 cum
391 3080 462 3144 Mog.
471 3079 576 3139 suerit.
609 3078 692 3128 Paulo
711 3083 781 3141 post,
791 3076 847 3136 soto
857 3077 950 3136 fultum
961 3076 986 3124 in
997 3077 1058 3125 Vei.
1070 3075 1126 3136 suto
1135 3076 1236 3138 finitam
1246 3075 1273 3124 in
1285 3076 1413 3124 nonnullis

316 3145 489 3193 Terram-19
505 3144 567 3192 Vet.
579 3157 637 3191 curn
648 3147 707 3192 octo
718 3143 783 3190 Mes.
792 3155 846 3190 eom
855 3155 916 3204 eom,
933 3140 1023 3189 deleta
1033 3139 1242 3204 interpunctione
1260 3139 1329 3190 inter
1339 3145 1374 3189 ret
1385 3146 1414 3188 et

317 3221 378 3258 eurr.
411 3208 447 3258 Et
457 3207 513 3258 hac
525 3206 603 3258 lectio
613 3207 741 3258 Torrenio
751 3214 825 3256 recte
836 3205 917 3269 magis
927 3205 1024 3269 placet,
1032 3218 1108 3268 quarn
1119 3219 1172 3253 eum
1180 3203 1251 3254 euim.
1275 3204 1339 3254 Mox
1350 3203 1412 3254 Vst.

815 3383 931 3435 NOTAE*
949 3387 957 3393 ’

337 3539 365 3592 ·-t
376 3532 428 3583 Aa.
436 3531 475 3582 M.
485 3533 559 3586 8840.
576 3529 620 3579 ot.
631 3533 688 3579 loo.
700 3530 723 3577 1.
738 3525 803 3577 Urb.
813 3526 844 3577 C.
918 3525 974 3575 'Dr
991 3539 1048 3588 paee
1061 3521 1253 3586 disreptotoroa]
1279 3521 1412 3601 Cartiagi-

319 3614 377 3660 593.
394 3608 456 3662 Ant.
467 3607 497 3658 G.
508 3610 566 3656 res.
885 3616 978 3652 nenses
988 3607 1080 3651 contra
1090 3599 1173 3650 foedos
1184 3598 1348 3648 Masinissam
1368 3611 1412 3661 ag-

357 3683 509 3736 iAImalto
523 3679 626 3742 coerula]
643 3680 672 3728 L.
682 3676 783 3727 Licinio
794 3678 845 3728 Lu·
886 3676 1096 3740 gressiioerant3
1111 3672 1413 3738 amanensqoaadnoc·
1524 3673 1537 3691 ‘

319 3759 397 3824 collo,
407 3760 451 3825 qui
468 3759 599 3818 Vaooaeos,
609 3753 763 3814 Cantabros,
774 3753 848 3802 aliae·
888 3759 940 3802 tem
952 3759 1089 3815 spectante
1105 3752 1164 3815 ipso
1176 3752 1207 3801 P·
1218 3749 1338 3813 Scipione
1349 3763 1414 3813 pug-

322 3851 373 3901 que
396 3833 532 3899 Hispanias
555 3839 657 3896 gentes,
675 3829 747 3880 uicit.
772 3828 848 3880 ‚Vide
887 3835 976 3879 netum
998 3835 1056 3890 est;
1082 3829 1202 3892 visosque
1218 3825 1356 3876 Masinissa
1372 3839 1414 3874 so·

320 3917 424 3974 gentem
434 3909 569 3959 Lioiniom.
887 3905 984 3968 perior,
1005 3912 1036 3954 nt
1056 3903 1137 3954 habet
1158 3903 1261 3952 Florus.
1294 3901 1333 3948 Ea
1354 3899 1415 3962 lege

352 3981 672 4046 ¹Peterrdioaeitiigratio]
696 3982 848 4032 Volscar·
886 3979 1181 4044 intereoepaxeanoita,
1189 3984 1220 4026 ut
1228 3974 1416 4038 carthaginen·

320 4059 531 4124 thaginiensibos,
550 4058 595 4123 qni
613 4058 736 4110 tributum
752 4056 847 4120 pende·
887 4068 929 4104 ses
956 4055 1113 4115 Masinissa,
1132 4059 1188 4101 tom
1207 4052 1335 4113 captivos,
1357 4056 1415 4109 tom

322 4131 385 4180 bant
402 4133 428 4181 ia
448 4134 580 4198 temporis,
607 4134 649 4183 rel
668 4132 846 4192 aMasinieea,
886 4130 999 4193 quinque
1009 4129 1165 4178 talentorum
1173 4125 1253 4174 millia
1261 4126 1418 4188 penderant,

321 4209 351 4256 nt
361 4204 417 4253 ruli
427 4203 569 4268 Appianae.
887 4211 917 4253 ot
927 4209 1033 4252 narrant
1044 4199 1202 4262 Polybiuset
1213 4198 1356 4264 Appianas.
1398 4221 1401 4228 ¹
