3386 5262
427 669 433 688 1
518 600 705 654 eutt'ulttus
731 603 776 651 ΕΤ
800 603 981 652 uultibus.

336 857 376 924 Ο.
399 852 612 923 GAESARIS
637 845 929 918 chTATORIS
954 849 1173 920 FAMILIA.

240 1037 732 1098 C.Cutssn1sl)letstorisetproevoet
771 1033 881 1098 possint.
900 1035 995 1085 Eorum
1004 1035 1083 1085 rerba
1102 1036 1143 1086 bie
1155 1035 1298 1099 appingere

206 1128 255 1166 svo
268 1114 345 1164 crim
367 1127 515 1178 pueuomeu
534 1111 604 1162 fnit:
624 1123 686 1162 evus
698 1125 731 1160 ex
771 1109 857 1172 libuit,
866 1111 976 1173 primum
988 1110 1115 1172 Suetonii,
1126 1118 1180 1160 tum
1195 1111 1301 1176 Velleii,

206 1187 505 1253 Msrtlsgeunitcsium
524 1195 553 1238 et
569 1186 686 1248 Isurium,
704 1189 732 1238 e't
771 1183 882 1248 denique
900 1185 1024 1235 Sallustii.
1057 1185 1168 1236 ‘Fuisse
1187 1187 1299 1238 traditur

205 1263 300 1315 duliam
312 1279 417 1316 uxorem
427 1265 458 1314 0.
469 1264 548 1314 Marii
557 1264 653 1328 septies
665 1264 732 1314 Gon·
771 1261 876 1310 excelse
885 1266 995 1322 statura,
1006 1260 1220 1323 colorecaodido,
1230 1267 1299 1315 tere·

203 1338 277 1388 solis.
311 1339 389 1389 Cuius
406 1345 435 1390 at
446 1339 539 1389 Lucius
547 1337 621 1388 ambo
630 1337 731 1388 Proeto·
771 1334 841 1384 tibus
861 1333 990 1396 membris,
1014 1349 1059 1384 ore
1079 1335 1156 1398 paulo
1175 1337 1301 1402 pleniore,

204 1414 238 1464 rii
247 1415 383 1464 immature
394 1422 478 1465 morte
494 1414 588 1464 sublati
599 1419 669 1476 suut,
688 1412 732 1476 illo
771 1409 852 1473 nigris
871 1410 1021 1473 segetisque
1042 1410 1133 1471 oculis,
1153 1409 1300 1466 valetudiue

205 1488 284 1552 Pisis,
300 1491 342 1542 bie
361 1491 460 1542 Rome.
491 1492 555 1543 Gaio
576 1505 609 1542 ex
626 1491 734 1542 Aurelia
772 1502 906 1552 prospera.
939 1488 1016 1538 Circa
1024 1487 1139 1550 eorporis
1147 1502 1236 1538 euram
1246 1505 1300 1540 mo·

206 1571 283 1615 uetus
294 1572 335 1616 est
346 1566 377 1616 C.
392 1566 477 1618 Julius
496 1567 588 1616 Cesar
603 1566 733 1628 Dictator,
773 1568 864 1628 rosior,
879 1571 908 1616 ut
926 1580 977 1616 uou
994 1567 1076 1615 solum
1094 1565 1245 1616 tonderetur
1264 1569 1301 1618 di.

202 1646 235 1690 et
243 1640 302 1691 duee
312 1642 400 1702 Julioe,
409 1656 515 1705 querum
530 1655 582 1690 uus
599 1656 633 1691 ex
650 1641 733 1704 primo
773 1640 883 1703 ligenter
900 1655 930 1690 ac
942 1641 1085 1704 raderetur,
1101 1641 1235 1694 sedetiam
1247 1647 1299 1695 vel..

206 1715 301 1766 merito
321 1717 355 1768 Q.
377 1717 497 1778 Pedium,
512 1731 546 1765 ex
566 1715 679 1766 seeundo
700 1715 731 1766 L.
772 1717 878 1765 leretur.
904 1715 1007 1765 Osiritii
1027 1730 1129 1780 quoque
1149 1716 1299 1766 deformitn·
1311 1705 1322 1717 “

206 1789 355 1851 Pinarium
371 1792 455 1840 altera
465 1806 499 1840 ex
509 1792 548 1842 M.
560 1790 733 1841 AoeioBalbo
773 1797 825 1840 tem
844 1790 1002 1855 iniquissime
1021 1792 1090 1842 tulit.
1122 1791 1262 1842 Armorum
1273 1802 1300 1844 et

205 1863 316 1924 Acetum
327 1866 438 1931 Augusti
449 1874 559 1918 matrem
570 1865 682 1930 peperit.
771 1866 906 1930 equitandi
923 1867 1100 1931 peritissimus,
1118 1868 1211 1918 laboris
1231 1870 1301 1919 ultra

240 1941 318 1997 Csius
327 1943 413 1994 tultos
427 1944 515 1993 Cesar
523 1948 621 2006 -qnater
630 1943 734 2004 Consul,
772 1941 850 1993 tidem
862 1943 963 2007 patieuo
971 1951 1043 2004 eratt
1054 1945 1148 2008 erepiu's
1156 1945 1181 1995 iu
1191 1947 1302 2010 agmine,

202 2023 471 2070 aunoddthdel.
483 2022 540 2068 708.
562 2024 591 2069 et
610 2017 733 2068 Dictator
773 2032 955 2084 nonuunquam
974 2033 1050 2084 equo,
1073 2020 1168 2083 saepius
1194 2019 1301 2082 pedibus

205 2099 358 2156 perpetuos,
379 2095 419 2144 sir
429 2095 550 2154 omnium,
563 2095 607 2158 qui
619 2107 732 2156 nuquam
774 2095 901 2155 anteibat,
912 2096 999 2159 capite
1011 2095 1127 2154 detecto,
1139 2109 1185 2143 seu
1195 2094 1243 2155 sol,
1255 2108 1302 2144 seu

206 2166 354 2228 extiterint,
361 2168 443 2232 gloria
450 2169 553 2218 militari
569 2168 735 2229 clarissimos,
774 2168 858 2218 imber
868 2175 945 2219 esset.
979 2169 1010 2216 lu
1020 2168 1147 2218 obeundis
1157 2167 1302 2230 expeditio·

208 2239 365 2303 Hispaniam
386 2241 534 2290 ulteriorem
556 2241 589 2288 ad
610 2254 736 2289 oeeuuum
776 2241 850 2290 uibus
861 2241 966 2291 dubium
978 2243 1088 2300 cautior,
1098 2256 1131 2291 au
1151 2242 1303 2305 audentior,'

207 2327 291 2378 usque
303 2315 459 2379 perdomuit,
468 2314 604 2363 Helvetios
614 2319 641 2362 et
661 2313 735 2361 Ario·
773 2317 823 2363 lte.
834 2313 901 2362 Haeo
910 2322 937 2362 et
947 2314 1019 2376 plura
1027 2315 1173 2366 Suetonius.
1189 2315 1232 2367 Ita
1242 2318 1302 2366 Vel·

203 2389 302 2439 violem
310 2390 498 2440 Germanorum
509 2388 641 2451 Regemiu
650 2388 736 2438 Gallia
775 2389 854 2438 leius:
871 2389 880 2417 ‘
892 2389 945 2439 Hic
956 2389 1114 2440 nobilissime
1123 2391 1248 2442 Julioruns
1260 2407 1303 2456 ge·

206 2464 287 2525 rioit3
300 2464 452 2530 Aquitanos,
458 2464 557 2524 Gallos,
568 2464 670 2526 Belgas,
682 2463 736 2512 Bri·
775 2464 843 2514 uitue
852 2463 958 2526 t'ssuilia,
967 2471 994 2514 et
1001 2466 1034 2515 nb
1042 2465 1155 2516 Anubise
1163 2473 1191 2516 et
1199 2467 1302 2518 Venere

206 2541 578 2606 taueorsubegltfflermsnos
588 2540 687 2601 maguis
697 2546 735 2589 at-
770 2539 907 2589 ·dedueens
918 2553 1006 2602 genus,
1025 2539 1108 2590 t'orme
1119 2542 1231 2592 omnium
1241 2542 1304 2593 civi·

206 2617 283 2670 trivit
292 2617 428 2668 eledibue:
445 2616 540 2666 deiude
554 2623 613 2666 orto
624 2616 691 2666 bello
702 2617 737 2666 ei·
776 2629 819 2664 um
840 2616 1084 2680 excellentissimus,
1113 2617 1200 2681 vigore
1226 2619 1302 2668 animi

207 2691 262 2754 vili,
279 2693 312 2743 eb
333 2708 365 2744 eo
381 2687 503 2744 Petreius
523 2699 550 2742 et
569 2690 691 2742 Afranius
710 2693 736 2740 in
776 2691 927 2754 acerrimus,
937 2691 1111 2743 munificentia
1127 2684 1303 2756 effusissimus,

206 2767 460 2831 Hispaniserareitu
471 2767 592 2831 spoliati3
609 2767 691 2818 rietus
704 2768 737 2818 ad
777 2768 860 2817 auimo
871 2781 950 2831 snper
960 2767 1096 2818 humanam
1108 2775 1136 2818 et
1147 2776 1264 2818 usturam
1276 2777 1304 2820 et

206 2843 359 2894 Pharsalum
371 2843 520 2906 Pompeius,
537 2843 571 2892 ad
588 2841 738 2892 Alexandri-
776 2840 853 2891 tidem
871 2849 994 2907 ereetum
1011 2844 1185 2909 magnitudine
1206 2844 1304 2906 rogits·

207 2931 250 2968 sm
262 2917 430 2979 Ptolomeus,
441 2917 626 2968 Pharnacesiu
641 2917 737 2981 Ponto,
776 2917 883 2981 tiormm,
892 2919 1029 2970 eeleritate
1040 2919 1161 2983 bellandi,
1175 2920 1304 2983 patientia

208 2990 237 3040 iu
255 2989 347 3040 Africa
363 2991 434 3042 Jube
451 2999 478 3042 et
493 2993 597 3052 Scipio:
616 2991 650 3041 ed
660 2993 737 3042 Mnu-
776 2993 948 3056 periculorum
965 2995 1063 3059 Maguo
1084 2996 1122 3045 lili
1142 2994 1303 3057 Alexandro,

207 3064 270 3114 dem
289 3067 315 3116 iu
338 3066 464 3131 Hispania
481 3068 576 3117 cneius
596 3073 624 3116 et
640 3069 736 3118 Sextus
776 3068 822 3119 sed
830 3071 925 3132 sobrio,
934 3072 1303 3134 uequeirarundoslmiliimnst

210 3141 346 3205 Pompeiis
358 3155 438 3206 quate
446 3144 497 3191 ubo
506 3149 622 3203 tempore
633 3156 666 3192 ex
674 3143 736 3191 Gel-
776 3145 820 3206 qui
832 3143 945 3206 denique
957 3156 1059 3206 semper
1068 3153 1097 3195 et
1106 3159 1196 3194 somuo
1207 3153 1236 3194 et
1246 3145 1304 3194 cibo

168 3251 172 3258 .
207 3215 255 3277 iia,
274 3230 308 3266 ex
319 3219 441 3280 Aigypto,
460 3216 558 3276 Ponto,
575 3214 667 3264 Africa
676 3230 737 3278 qna·
777 3217 1305 3281 invitam,ooninvoluptatemuteretur:

209 3297 271 3342 tuor
280 3291 425 3355 triumphos
437 3291 502 3354 egit,
511 3289 623 3354 dumque
640 3290 738 3353 majore
775 3289 892 3340 Sallustii
912 3289 945 3338 de
961 3289 1064 3338 Curare
1076 3297 1103 3339 et
1116 3294 1216 3340 Catone
1228 3292 1306 3344 verba

208 3366 318 3430 cogitat,
326 3366 360 3416 ab
371 3366 461 3416 amieis
472 3367 499 3416 lu
519 3365 592 3415 ouria
612 3365 694 3415 tribus
710 3373 738 3415 et
777 3369 839 3412 suut
859 3364 931 3413 boecr
953 3363 1024 3413 ‘Hie
1044 3377 1136 3426 gentos,
1158 3371 1231 3428 retas,
1253 3366 1304 3416 elo·

184 3461 192 3471 f
206 3435 665 3504 'vigintivulneribuseoufoseosest=
676 3457 737 3506 que·
778 3439 884 3503 quentia
895 3453 976 3503 prope
985 3437 1189 3503 equaliafuere:
1207 3441 1304 3503 magui·

210 3522 272 3566 tuor
289 3530 382 3567 uxores
399 3516 500 3579 babuit,
512 3516 655 3576 cosentiam
666 3515 738 3566 fami
778 3514 842 3565 tudo
853 3515 931 3566 animi
938 3529 997 3578 par,
1008 3515 1071 3564 item
1084 3513 1180 3577 glorias
1198 3515 1242 3564 sed
1254 3516 1306 3564 nlla

209 3592 254 3642 liae
264 3591 566 3656 Equeotris,Cornelium
578 3591 739 3654 Ciuuaequa·
779 3589 832 3640 alii.
865 3590 952 3640 cosor
972 3587 1306 3640 beneficiiosemuuiticeu·

209 3666 390 3728 terCousulie,
405 3666 556 3730 Pompeiam
576 3665 739 3728 QPompeii
779 3660 817 3714 tis
842 3679 951 3728 maguus
977 3663 1131 3726 habebatur,
1157 3664 1306 3728 integritate

210 3739 321 3803 uomet
332 3741 513 3804 Calpburuiam
531 3743 560 3791 1..
571 3740 673 3792 Pisouio
690 3739 739 3790 lili-
780 3739 841 3790 vite
852 3740 934 3790 Cato:
954 3740 1204 3790 iliemausuetudiue
1215 3747 1243 3790 et
1260 3741 1306 3792 uti

177 3832 182 3840 ·
210 3831 262 3867 atu.
288 3816 434 3866 cosentiam
451 3821 480 3864 et
495 3815 645 3878 Pompeiam
662 3829 739 3878 repu-
780 3815 1018 3865 sericordisolsrue
1034 3813 1305 3877 faetus,bnioseseri-

208 3893 309 3954 diavit;
326 3905 359 3942 ex
370 3891 491 3942 cornelia
504 3892 601 3944 duliam
618 3892 738 3954 Pompeii
778 3895 816 3938 tas
824 3889 976 3953 dignitatem
985 3889 1130 3940 eddiderat.
1148 3889 1306 3939 caserdsu·

206 3969 305 4032 Magni
315 3981 432 4032 osorem,
442 3980 475 4017 ex
484 3967 539 4017 aliis
546 3969 629 4018 nullos
641 3969 737 4018 liberos
776 3963 821 4025 do,
831 3961 1000 4028 sublevando,
1010 3961 1178 4029 ignoscendo,
1192 3965 1258 4014 Cato
1267 3963 1309 4014 ui·

209 4046 337 4110 mscepit.
777 4041 813 4090 bil
823 4041 957 4106 largiendo
968 4043 1075 4106 gloriam
1087 4042 1197 4106 adeptus
1207 4049 1257 4092 est.
1274 4042 1306 4092 Iu

245 4118 738 4185 QusoorporisforusaloeritC.cesar,
777 4117 860 4167 altero
878 4118 978 4167 miseris
997 4116 1152 4181 perfugium,
1176 4117 1202 4168 iu
1222 4119 1305 4168 altero

206 4197 347 4247 Suetonius
356 4194 738 4260 trudit3quilsnsmoribusvel·
777 4192 851 4241 mulla
863 4192 1008 4254 pernicies,
1024 4191 1091 4242 illius
1102 4192 1224 4256 facilitas,
1232 4193 1306 4258 bnjus

208 4261 287 4334 letus}
304 4280 332 4322 et
351 4272 462 4322 omnium
480 4271 738 4336 elegantissimeSal·
777 4267 1091 4324 coustantialoudabatnr.
1104 4271 1307 4326 PostremoCae·

210 4347 320 4397 luetluet
337 4348 383 4398 sed
398 4349 435 4415 itu
453 4349 521 4398 iilius
532 4348 622 4399 leudes
634 4348 738 4399 Catonis
778 4357 821 4392 sar
840 4343 867 4392 iu
887 4343 998 4398 animum
1020 4346 1166 4410 induxerat,
1177 4348 1305 4410 laborare,

207 4419 330 4472 laudibus
337 4424 481 4490 conjunxit,
490 4429 520 4476 ut
527 4423 628 4490 sejungi
635 4424 740 4475 minime
777 4421 1012 4488 vigilmeuegotlis
1027 4425 1167 4477 amicorum
1185 4425 1302 4474 intentus
