3224 5162
350 457 431 508 GAP·
448 459 488 506 11.
513 459 561 506 DE
585 452 889 506 unulsrttnruuu
914 456 1084 506 oratoris.
1195 445 1261 510 243

123 585 125 596 ’
170 581 227 665 tiae
242 601 420 685 adjuverat.
461 593 661 682 ¹conspicuae
675 599 847 664 felicitatis
863 597 1046 682 Arpinum·¹²
1067 598 1200 664 unicum
1213 623 1221 680 ;
1236 610 1261 639 ¹²

170 702 243 766 sive
257 702 424 768 literarum
437 701 711 782 gloriosissimum
728 707 977 778 contemtorem,
1000 703 1072 768 sive
1087 701 1259 766 abundan-

169 803 334 867 tissimam
349 801 469 865 fontem
483 801 603 864 intueri
618 800 728 865 velisr

213 904 244 965 4.
268 901 421 965 Maxima
435 905 544 965 autem
553 901 724 984 diligentia
738 899 882 984 majores
896 900 984 964 hunc
999 921 1121 965 morem
1137 903 1263 966 retinu—
1313 903 1315 909 '

173 1002 331 1078 eruntne
347 1000 423 1084 quis
452 1019 489 1063 se
515 1001 600 1064 inter
624 1000 800 1064 consulem
830 1005 863 1064 et
893 999 1084 1086 proprimum
1096 1002 1262 1079 lictorem,

174 1102 326 1184 quamvis
341 1100 445 1165 officii
457 1120 561 1165 causa
575 1121 643 1166 una
655 1101 918 1186 progrederetur,
933 1093 1172 1184 interponeret:
1193 1102 1264 1168 filio

173 1201 372 1278 duntaxat,¹³
394 1202 476 1264 etei
490 1221 609 1286 puero,
635 1211 712 1267 ante
725 1207 855 1286 patrem
869 1205 1045 1267 consulem
1069 1204 1264 1268 ambulandi
1335 1270 1338 1276 ,

167 1301 224 1384 jus
238 1308 321 1366 erat
366 1300 436 1380 Qui
449 1321 526 1367 mos
546 1303 632 1374 adeo
655 1303 869 1386 pertinaciter
893 1309 1037 1367 retentus
1051 1309 1145 1380 est,¹4
1167 1310 1202 1368 ut
1218 1303 1264 1382 Q.

173 1399 296 1467 Fabius
310 1401 508 1467 Maximus⁰
530 1405 706 1487 quinquies
732 1402 814 1468 Cos.
831 1405 883 1466 vir
897 1403 1000 1466 etiam
1026 1404 1155 1485 pridem
1175 1423 1265 1467 sum-

169 1523 233 1568 mae
248 1497 468 1589 auctoritatisr,
483 1511 519 1566 et
533 1507 612 1567 tunc
626 1503 753 1566 nltimae
767 1504 954 1579 senectutis,
979 1521 1000 1564 a
1009 1589 1010 1592 Ἴ
1020 1501 1091 1566 filio
1106 1505 1266 1567 consuler

171 1603 343 1679 invitatus,
359 1611 398 1667 ut
421 1603 504 1666 inter
527 1624 564 1668 sc
586 1611 621 1669 et
644 1605 795 1668 lictorem
821 1603 1027 1686 procederet,
1052 1602 1267 1670 ne‘hostium

172 1703 356 1768 Samnitum
370 1702 479 1780 turba,
492 1704 535 1767 ad
557 1724 694 1788 quorum
717 1704 923 1786 colloquium
937 1697 1192 1781 descendebant
1208 1706 1267 1772 cli-

172 1804 313 1880 deretnr,
328 1803 362 1867 id
376 1804 485 1868 lacere
500 1806 663 1870 nolueriti
708 1805 803 1869 idem
820 1825 840 1869 a
855 1813 994 1869 senatu‘l
1014 1804 1144 1888 legatus
1161 1803 1205 1866 ad
1227 1806 1266 1872 fi-

171 1904 253 1970 lium
266 1911 291 1950 ¹⁵
314 1905 482 1969 consulem
497 1904 675 1970 Suessamr
697 1901 835 1984 missas,
850 1905 1030 1988 postquam
1053 1903 1267 1968 animadver-

203 2093 296 2148 tQuia
317 2095 426 2142 damnat
447 2095 583 2144 Ciceronem
602 2095 740 2158 Principem
758 2097 895 2158 eloquentia
914 2097 1036 2146 Romana.
1069 2095 1187 2158 Arpinum
1207 2100 1271 2144 certe

171 2157 431 2218 admodumselinsuit,
446 2159 495 2207 sine
506 2159 719 2208 neliscmrriderare
732 2160 839 2208 Marium
855 2159 881 2208 in
901 2174 927 2209 eo
944 2159 1091 2221 singularem
1109 2162 1170 2222 quod
1188 2160 1270 2209 literar

171 2226 335 2284 contemneret,
350 2222 400 2271 sice
413 2221 548 2272 cunonem
557 2227 678 2286 parentem
689 2223 833 2286 eloquentia.

627 2346 811 2366 W!

165 2423 288 2492 'exbibet
302 2431 522 2480 exundantem-12
540 2429 642 2480 ‘cndu
661 2427 788 2479 fluctuant
807 2427 890 2477 inter:
908 2429 1015 2492 Arpinas
1032 2429 1136 2491 urbam,
1150 2429 1274 2492 Arpinum

171 2493 273 2550 unitum,
289 2503 317 2543 et
328 2494 467 2556 Arpinatem
477 2495 578 2542 anuum.
611 2493 643 2542 In
661 2493 778 2556 pluribus
796 2499 883 2541 tamen
894 2494 1000 2554 Arpinas
1010 2493 1112 2552 animm,
1128 2494 1197 2542 unde
1208 2495 1271 2542 Tor·

172 2557 259 2605 cenius
271 2557 394 2619 conjicit:
411 2559 517 2621 Arpinas
527 2557 686 2620 muntmpim,
698 2557 850 2606 Perizonius
860 2573 866 2604 ι
883 2557 1003 2618 Arpinum
1013 2556 1171 2619 municipium.
1198 2557 1270 2608 Quid

172 2621 193 2667 si
203 2621 415 2683 interpunctione
427 2627 527 2669 mutata
540 2621 627 2682 legas:
644 2621 761 2682 Arpinum
769 2637 779 2680 ,·
796 2620 890 2669 unicum
901 2621 950 2668 siae
969 2627 997 2671 et
1015 2635 1073 2669 cum
1092 2621 1195 2682 Pighio,
1211 2621 1271 2685 (qui

172 2683 298 2733 dederat:
311 2685 439 2746 Arpinum,
450 2685 500 2732 siue
510 2683 626 2747 unicum)
637 2685 770 2747 explices:
789 2683 860 2732 sive‘
870 2683 1043 2746 singularem‚'
1055 2684 1098 2748 qui
1114 2684 1139 2732 iu
1154 2692 1271 2734 contem·

172 2748 264 2796 uendit
281 2746 540 2810 alienigenisstudiis
559 2762 647 2808 parem
666 2762 717 2796 non
733 2746 864 2810 babuerit,
875 2748 1015 2813 gloriaeque
1034 2747 1061 2796 id
1081 2748 1131 2797 sibi
1150 2748 1270 2804 duxerit?

78 2851 83 2858 .
173 2811 241 2860 Nam
252 2811 302 2857 sine
313 2823 364 2858 non
376 2824 478 2873 semper
487 2808 520 2858 ab
535 2809 620 2872 initio,
636 2811 682 2860 aed
701 2811 784 2860 etiam.
798 2816 859 2872 post
877 2811 975 2875 aliquot
996 2826 1071 2861 voces
1089 2827 1273 2876 nonnunquam

173 2873 235 2935 paui
256 2874 350 2935 solere,
370 2879 482 2922 constat.
514 2872 623 2922 Interim
644 2873 715 2922 nulla
734 2873 796 2920 milri
817 2873 848 2920 lis
865 2873 899 2921 sit
915 2890 974 2923 cum
990 2889 1064 2924 aecus
1082 2875 1272 2925 sentientibus?

172 2938 255 2998 Kapp.
288 2937 352 2986 Mox
371 2937 432 2985 Vet.
454 2937 628 2998 competitorem
650 2950 698 2996 pro
719 2941 957 2987 contemtorem—13
981 2937 1013 2984 In
1040 2939 1167 2986 nonnullis
1195 2938 1271 2986 codd.

172 3001 372 3062 ἀπαθὲς-14
389 3000 483 3060 copes.
493 3005 598 3062 receptus
609 3005 644 3046 est
655 3013 702 3060 pro
711 3002 816 3046 retentus
827 3001 870 3046 est.
902 2998 967 3046 Mox
986 3013 1043 3058 pro,
1061 3003 1100 3047 oir
1115 3001 1187 3048 etiam
1197 2999 1272 3049 Peri·

173 3077 230 3114 zon.
242 3064 316 3126 legit,
332 3063 370 3111 nir
380 3068 404 3112 et
415 3063 487 3123 jam:
504 3061 578 3111 Harl.
593 3061 665 3111 delet
682 3061 754 3109 etiam
762 3076 772 3118 ‚·
790 3059 863 3108 Leid.
874 3063 899 3108 2.
909 3061 964 3120 jam
983 3061 1099 3109 exbibet.
1132 3063 1206 3110 Voss.
1223 3076 1271 3124 pro

173 3131 198 3176 et
210 3123 272 3186 tuna,
288 3126 407 3177 habetet
424 3141 494 3176 nune.
527 3125 629 3174 Deinde
651 3125 745 3188 Copae.
764 3122 843 3172 Barb.
863 3126 886 3171 l.
906 3127 930 3174 Ξ.
949 3123 1024 3173 Harl.
1041 3128 1068 3172 et
1081 3125 1143 3175 Vnt.
1163 3127 1271 3175 lictorem

172 3190 303 3243 incederet:
328 3199 356 3242 et
376 3190 456 3242 Barb.
474 3194 499 3240 1.
517 3189 657 3253 colloquium
677 3187 933 3238 mummium-ta
957 3187 1049 3250 Camp-
1070 3187 1137 3238 Idem
1154 3189 1270 3252 prestitit

670 3315 782 3369 NOTAE

207 3409 363 3478 nArpinum]
390 3415 543 3465 Volscorum
569 3412 705 3478 oppidum.
776 3411 869 3460 vstitu
886 3410 991 3473 marulo]
1007 3409 1271 3483 Q.Fablolllaximo,

176 3489 263 3538 Hodie
282 3490 384 3552 Arpina,
409 3491 455 3540 ubi
474 3489 529 3539 uati
555 3489 655 3540 Marius
677 3493 705 3537 et
743 3487 996 3552 qniobderoratum
1011 3487 1191 3551 patrimonium
1203 3487 1272 3536 Gur-

176 3565 284 3628 cicer03
313 3566 404 3628 quibus
431 3573 529 3629 praeter
552 3578 632 3628 genus
652 3577 705 3612 om·
744 3562 888 3626 gesdictns
904 3568 961 3624 eat;
977 3561 1272 3612 eamtnmeninfamiam

174 3639 220 3689 nia
241 3639 355 3704 disparia
376 3636 490 3702 inerunt,
510 3638 618 3700 animus,
633 3637 705 3702 inge·
745 3638 928 3689 bellicalande
941 3638 1047 3690 delerit.
1081 3639 1272 3689 Deilliuscon·
1350 3682 1352 3686 .

175 3714 255 3775 nium,
271 3715 363 3764 studia.
396 3715 449 3764 Sed
460 3715 515 3764 haec
527 3714 599 3765 alias.
745 3723 787 3766 tra
797 3713 927 3765 Samnites
939 3715 1047 3766 victoria
1063 3724 1162 3780 postes.

208 3791 270 3847 ⁰Q.
290 3790 379 3840 Fabius
398 3790 534 3854 Maximus]
562 3790 706 3852 Rullianus,
778 3790 995 3852 primitiam.
1032 3791 1074 3840 Ol.
1092 3794 1182 3841 laur.
1208 3791 1274 3841 Urb.

176 3865 215 3916 M.
239 3867 313 3916 Fabii
332 3864 452 3916 Ambusti
475 3873 516 3915 ter
538 3866 656 3916 Consulis
678 3871 706 3914 et
746 3867 843 3915 (3.461.
870 3865 934 3916 Aut.
944 3866 992 3916 Ch.
1004 3870 1061 3917 291.

176 3941 320 3991 Dictatoris
332 3940 410 4002 iilius,
426 3940 470 4004 qui
483 3941 554 4002 genti
564 3941 652 3988 Fabia
665 3931 703 3987 re·
778 3947 790 3980 ‘¹
808 3939 874 3988 Idem
884 3940 1015 4002 [meabit
1025 3941 1065 3990 ille
1076 3941 1175 4004 Fabius,
1190 3941 1243 4006 qut]
1257 3957 1273 3990 o

176 4013 223 4064 bus
242 4017 370 4080 praeclare
387 4016 467 4080 gestis
484 4015 592 4066 Maximi
611 4029 705 4079 cogno·
745 4013 847 4076 Senatu]
856 4015 1009 4078 Cunctator,
1021 4017 1093 4079 cujus
1104 4015 1170 4065 filius
1183 4017 1215 4067 Q.
1226 4015 1273 4066 Fa·

177 4103 236 4138 meu
247 4093 360 4156 peperit,
372 4090 513 4152 dictatura,
529 4090 704 4140 consulatibus
746 4091 802 4141 blus
813 4091 943 4140 Maximus
956 4099 1009 4140 tum
1022 4099 1078 4140 erat
1090 4093 1194 4141 Consul.
1245 4152 1249 4159 Ι

177 4163 299 4227 quinque,
324 4166 405 4217 tribus
429 4166 566 4230 triumphis
595 4165 705 4216 clarissi-
777 4163 924 4228 'Saeuam]
946 4165 1012 4217 Quae
1032 4166 1128 4229 duplex'
1150 4166 1176 4215 in
1198 4165 1275 4217 Italia

179 4251 245 4287 mus.
744 4237 802 4305 tuit,
818 4241 901 4290 altera
922 4240 1016 4290 Suessa
1035 4243 1156 4296 Pometia
1170 4242 1197 4290 ln
1215 4242 1275 4290 Vol·
