3214 5170
483 426 565 474 usn.
583 425 665 471 rrrr.
691 426 739 474 nn
763 428 1011 478 uonsrnnrrs.
1229 423 1296 488 eut

633 711 738 776 CAP.
761 713 866 778 VIII.

541 876 607 940 DE
629 877 953 947 CONSTANTIA.

370 1052 559 1090 ROMANORUM·
933 1059 1132 1099 EX'I'ERNORUM.

217 1127 229 1173 1
250 1125 282 1174 o.
295 1125 377 1208 ruga
389 1125 477 1174 araon
489 1139 606 1201 procos,
766 1103 771 1115 ¹
787 1146 799 1191 1
818 1144 1044 1209 erasusanpnr.

214 1195 230 1237 ²
247 1190 279 1239 Q,
291 1190 362 1238 Μ’
372 1191 443 1265 ΜΨ·
454 1189 616 1266 yer¹J¹¹⁰⁰'⁸¹'
783 1216 799 1258 2
815 1207 954 1257 Phocionis
966 1209 1140 1262 Atheniensis.

215 1259 230 1302 ³
247 1253 277 1302 C·
291 1253 605 1329 0³¹l³¹¹f911P¹⁸9¹l¹⁵ss⁰⁸¹
783 1279 798 1322 3
816 1273 933 1320 Socratis
945 1272 1119 1324 Atheniensi-s.

215 1322 231 1365 4
248 1319 281 1367 Q.
293 1314 396 1367 Metelli
409 1316 551 1366 Numldwi·
783 1341 798 1384 4
816 1335 944 1395 Ephiaitis
955 1336 1130 1388 Atheniensis.

214 1386 230 1428 ὅ
249 1381 282 1432 0·
294 1381 419 1430 Scaewlae
430 1377 550 1440 Αῦὲῡῐῑὸ·
784 1402 798 1447 5
816 1399 908 1445 Diouis
916 1399 1080 1460 Syracusani.

215 1449 231 1492 6
248 1445 408 1520 Sempponiae
419 1442 595 1518 Gracchorum
607 1440 711 1490 sororis.
784 1467 801 1510 6
816 1461 959 1511 Alexandri
969 1464 1070 1528 Magni.

215 1511 231 1556 7
248 1509 337 1556 Pontn
349 1511 514 1556 centurionis.

198 1613 200 1618 .
217 1575 234 1620 8
251 1573 281 1621 C.
295 1570 378 1620 Merii
387 1567 557 1619 centurionis.

200 1691 203 1694 ·
244 1665 454 1730 Aenaruw
479 1671 512 1729 et
527 1665 717 1728 animosum
735 1665 832 1727 bonae
854 1651 989 1725 fiduciae
1014 1666 1132 1742 pectus
1158 1681 1294 1729 emenso

200 1767 300 1850 quasi
325 1766 471 1830 debitum
494 1774 650 1849 superest
679 1785 778 1846 opust,
805 1763 1004 1828 constantiae
1034 1767 1293 1843 repraesentatio.

201 1867 335 1930 Natura
349 1867 438 1931 enirn
451 1869 501 1931 sic
516 1873 749 1950 comparatum
763 1870 823 1940 est,
849 1869 898 1940 ut,
924 1863 1076 1945 quisquis
1100 1882 1138 1925 se
1161 1862 1292 1946 aliquid

200 1967 319 2031 ordine
333 1987 374 2031 uc
388 1974 500 2038 recte²
522 1973 630 2030 mente
646 1966 860 2049 complexum
877 1963 1038 2039 confidite
1060 1965 1113 2026 vel
1131 1963 1204 2045 jam
1220 1983 1294 2045 ges·

202 2075 286 2143 tum,
311 2069 341 2130 si
371 2069 587 2144 obtrectetur,
604 2067 722 2130 acriter
737 2067 887 2142 tueatur;
909 2063 964 2127 vel
988 2057 1131 2126 noudum
1157 2063 1295 2144 editum,

203 2169 233 2232 si
262 2167 499 2251 interpelletur,
527 2167 599 2231 sine
626 2165 695 2231 ulla
727 2163 939 2229 cunctatione
966 2162 1010 2225 ad
1036 2161 1189 2235 effectum
1217 2184 1293 2250 per-

201 2269 313 2333 ducat.

244 2371 276 2434 l.
300 2368 368 2433 Sed
390 2367 469 2431 dum
494 2367 672 2451 exempla³
695 2365 883 2449 proposita
906 2365 951 2428 rei
976 2383 1170 2446 persequor,
1193 2367 1293 2430 latins

200 2471 281 2537 mihi
296 2470 581 2553 circumspicienti
596 2474 672 2532 ante
686 2469 842 2532 omniase
854 2466 965 2531 Fulvii
981 2467 1095 2530 Flacci
1108 2468 1295 2532 constantie

233 2659 246 2682 ⁴
264 2650 324 2698 Cam
331 2651 383 2712 jam
394 2650 468 2697 mutin
478 2651 583 2711 exempta
593 2651 716 2698 attulerim
725 2648 948 2712 cirorurnsoriium,
963 2649 1003 2711 qui
1013 2663 1123 2710 inagnum
1126 2647 1243 2712 fiduciam
1253 2649 1294 2696 ha·

202 2713 310 2774 danunt,
325 2728 387 2761 nunc
396 2713 511 2774 reliquam
522 2719 567 2775 cst,
583 2719 610 2763 ut
620 2714 683 2762 uiros
694 2718 828 2761 condentes
833 2713 967 2774 proferam:
983 2731 998 2760 a
1008 2720 1094 2761 nutam
1104 2713 1166 2759 enim
1176 2727 1294 2776 compara·

201 2780 305 2887 gapt,
321 2781 347 2825 nt
356 2776 461 2838 quisquis
471 2777 545 2825 eredit
557 2791 581 2826 se
591 2778 786 2840 conprehendisse
796 2777 896 2838 aliquid,
912 2782 974 2826 recte
985 2777 1100 2826 et'ordine
1110 2775 1188 2824 dedito
1199 2781 1293 2827 tueatur

660 2929 837 2950 cornuue„

194 3051 205 3059 .,
235 3020 247 3063 l
266 3016 308 3065 Ita
319 3016 427 3079 Pighius
438 3030 472 3065 ex
483 3016 540 3065 cod.
552 3016 611 3067 Sus.
627 3017 728 3079 Aptum,
740 3016 758 3063 i.
770 3029 794 3064 e.
803 3018 903 3096 Aptans,
914 3014 968 3065 sive
978 3014 1093 3076 Apertum
1103 3015 1130 3061 in
1141 3013 1197 3060 aliis
1215 3014 1292 3063 codd.

201 3106 291 3166 Aptum
303 3105 329 3153 in
346 3103 405 3153 edd.
417 3109 481 3153 vett.
498 3104 615 3166 Apertam
633 3103 688 3152 sive
705 3105 838 3167 Expertum
858 3103 931 3152 Leid.
950 3108 974 3153 3.
1009 3104 1073 3152 lilox
1092 3103 1182 3164 Camp.
1203 3103 1292 3152 Coton.

201 3167 304 3216 Winclr.
316 3167 442 3230 Lipsiani,
457 3167 557 3216 Brund.
569 3171 592 3216 1.
603 3170 627 3216 2.
645 3168 729 3216 Bitur.
742 3174 764 3216 1.
776 3173 800 3216 2.
820 3167 914 3230 Ultrej.
926 3171 949 3217 l.
967 3167 1048 3216 Barb.
1060 3171 1083 3216 1.
1095 3171 1119 3215 2.
1130 3165 1220 3216 Leidd.
1232 3170 1257 3214 l.
1267 3171 1292 3216 7.

202 3239 229 3306 et
241 3246 305 3280 unus
316 3231 406 3283 Rhem.
415 3233 483 3295 quasi
492 3232 596 3307 deditisne
605 3246 662 3293 opus
670 3237 774 3296 superest
785 3233 922 3281 constantie
937 3231 1144 3294 representatione:
1160 3244 1216 3278 curu
1232 3231 1293 3279 enirn

200 3296 1043 3423 entialiter,titi:interseruerit,nient-n
1054 3299 1221 3422 little.
1236 3305 1294 3405 {tt
1313 3343 1314 3347 ¹

200 3429 227 3470 et
238 3424 270 3472 ab
282 3425 315 3473 al.
328 3439 361 3474 m.
372 3430 474 3482 nutura:
490 3424 561 3473 Leid.
573 3428 597 3473 2.
608 3429 704 3483 nutura,
717 3430 743 3472 et
754 3426 788 3472 ab
801 3425 833 3473 al.
844 3441 878 3474 rn.
888 3439 943 3473 curn
950 3440 960 3482 ‚·
977 3422 1050 3472 Leid.
1063 3428 1087 3472 6.
1098 3422 1294 3485 representatione

200 3491 303 3545 nutam
319 3488 389 3537 Leid.
410 3495 433 3537 5.
452 3493 610 3552 representare
626 3494 745 3549 naturum,
760 3503 813 3536 nim
828 3491 906 3546 enirn;
929 3487 1008 3537 Barb.
1028 3491 1052 3536 2.
1071 3494 1099 3536 et
1117 3500 1181 3535 uuus
1202 3485 1292 3534 libem.

199 3557 341 3614 ruopertum
351 3557 387 3600 cst
393 3567 403 3609 ,·
419 3551 505 3602 Bitur.
516 3558 540 3603 1.
552 3557 694 3615 conpactum
702 3558 737 3600 est
742 3567 752 3610 ,·
768 3553 832 3602 Toll.
842 3554 980 3601 constantie
990 3551 1185 3614 representatione
1193 3553 1295 3597 naara.-

200 3614 308 3678 Pighius
320 3616 465 3666 omisitsic:
482 3617 541 3666 edd.
552 3624 618 3665 vett.
629 3611 744 3665 habent:
762 3617 829 3678 qnasi
847 3620 872 3666 d.
893 3631 950 3680 opus
964 3621 1078 3678 superest,
1093 3630 1114 3662 c.
1134 3617 1293 3676 commentare

199 3686 317 3728 aaaron.
350 3679 517 3729 Naturaenirn
534 3680 578 3741 ric,
597 3683 638 3743 ξε.
672 3680 775 3743 Lipsius
797 3681 898 3730 emend.
919 3681 1072 3729 constantiae
1095 3676 1291 3740 representatio.

200 3742 377 3804 Naturnenim,
388 3745 429 3806 ipe.
444 3751 473 3792 et
484 3745 521 3793 sie
533 3755 636 3806 prorsus
648 3744 807 3794 Perizonius.
840 3745 952 3794 ‘Sensus
972 3743 1046 3805 hujus
1064 3742 1125 3802 loci,
1142 3741 1206 3788 mira
1226 3741 1291 3788 vari·

201 3814 271 3857 etate
281 3807 401 3856 lectionis
413 3807 438 3854 in
450 3807 513 3857 Mes.
523 3808 665 3869 obscurati,
677 3808 722 3856 sed
735 3823 750 3856 a
761 3809 848 3870 lipsio
860 3808 954 3868 sanati,
971 3817 1012 3854 est
1023 3807 1081 3854 hic:
1101 3805 1176 3866 Mihi,
1186 3803 1228 3866 qui
1236 3803 1292 3866 jann

200 3870 232 3920 de
242 3871 397 3932 horninibus,
413 3879 502 3934 aperte
513 3877 540 3919 et
552 3871 664 3920 animose
674 3872 779 3920 consilia
795 3886 842 3920 sna
859 3886 917 3920 curu
936 3876 1069 3919 contemtu
1087 3867 1292 3917 obtrectatorum

202 3935 406 3996 enuntiantibus,
422 3934 538 3998 exposui,
555 3943 675 3997 superest
691 3935 784 3994 adhuc,
801 3943 829 3982 nt
841 3934 874 3983 de
886 3933 1032 3983 constantia
1044 3946 1145 3995 qnoque
1157 3945 1294 3994 exponam,

201 4004 228 4046 ct
239 4000 275 4048 sic
286 4000 403 4049 debitum
415 4013 498 4047 meum
511 3991 581 4061 qnasi
594 3997 709 4046 solvam!
722 3999 852 4060 Kapp—-2
865 3999 895 4046 ln
908 3999 993 4059 vnlgg.
1002 4001 1075 4059 recto,
1083 3996 1150 4060 quod
1162 4002 1203 4045 est
1213 3995 1291 4045 etiarn

202 4060 229 4107 iu
240 4062 331 4124 Oopes.
343 4063 470 4112 [sidua
483 4068 507 4112 o.
519 4068 544 4111 6.
563 4061 657 4124 Ulirej.
670 4066 692 4109 1.
710 4065 735 4110 2.
754 4061 822 4110 Tull.
841 4067 868 4110 et
888 4075 938 4110 nuo
959 4062 1048 4110 Rheni.
1066 4061 1159 4109 roticnc
1177 4061 1204 4108 in
1224 4061 1290 4119 slio;

201 4129 263 4196 recte
273 4139 330 4174 curo
340 4128 413 4177 Leid.
425 4131 497 4177 r.-s
514 4127 557 4175 lta
568 4133 668 4191 septem
678 4124 754 4174 codd.
765 4123 875 4175 Torren.
892 4126 1022 4187 exemplum
1038 4125 1063 4172 in
1080 4124 1155 4174 Harl.
1173 4126 1292 4186 exemplar

203 4201 228 4236 ru
241 4187 295 4235 aliis
307 4191 382 4240 codd.
394 4205 452 4241 cunr
463 4190 522 4240 edd.
534 4196 599 4243 vett.
632 4189 736 4241 Deinde
746 4203 869 4251 prosequor
879 4190 906 4239 iu
917 4189 1007 4239 decern
1020 4189 1095 4238 codd.
1108 4195 1135 4238 et
1152 4189 1211 4237 edd.
1225 4195 1290 4240 ,ante

266 4251 384 4329 cinna
399 4270 531 4321 reone.
685 4267 736 4318 Vnt.
749 4269 817 4318 nac.
1170 4269 1227 4317 ec
