3386 5262
554 575 743 623 cenamus
768 573 813 623 ΕΤ
837 576 1021 628 anninus.

601 799 779 866 AEMILII
803 801 980 869 LEPIDI.

276 934 440 985 Imsrnoanur
452 935 596 984 doururnad
607 937 771 988 summosho·
811 938 854 987 ille
871 938 928 1001 jam
948 939 1118 988 Consularis..
1139 937 1177 988 At
1199 937 1304 990 Marcus
1325 959 1342 994 s

242 1023 317 1058 nores
328 1016 469 1060 evexerunt
480 1010 574 1073 Lepidi
587 1011 648 1073 duo,
663 1027 770 1076 qtrorum
812 1014 917 1066 Caesare
937 1015 1046 1076 primurn
1066 1015 1195 1078 Magister
1214 1009 1341 1081 eqrritum,

242 1085 307 1134 alter
325 1086 437 1135 alterins
464 1101 545 1150 nepos
568 1085 632 1136 fuit:
662 1095 770 1153 uterque
811 1088 1266 1154 deiudeConsulann070⁷.factus,
1281 1101 1341 1156 post

242 1160 346 1210 Marcus
363 1161 460 1224 dictus,
479 1169 507 1211 et
528 1161 566 1210 his
583 1162 688 1224 Consul,
708 1178 770 1212 avus
811 1163 878 1213 illius
903 1165 1001 1214 cadem
1021 1172 1048 1215 et
1065 1165 1190 1215 Pontifex
1210 1168 1340 1218 Maximus

240 1248 306 1286 anuo
325 1241 382 1284 521.
403 1244 431 1285 et
449 1241 507 1287 636.
531 1251 648 1300 anepos
667 1241 725 1287 666.
742 1245 770 1286 et
810 1238 1112 1303 fuit,etTriumvircum
1122 1242 1339 1294 Octavioetdu-

240 1313 295 1360 trs.
327 1311 378 1359 Hic
390 1313 770 1378 proetereadeLigurihustri·
811 1316 898 1364 tonio:
922 1318 1004 1380 copiis
1024 1324 1110 1366 tarnen
1129 1318 1257 1382 aliquanto
1281 1328 1340 1381 post

241 1385 333 1448 umpho
357 1387 458 1448 nobilis,
484 1387 609 1440 Pontifex
634 1391 769 1454 maximus,
810 1393 932 1454 spoliatus
950 1393 982 1442 ab
1000 1393 1121 1456 Octavio,
1138 1395 1254 1444 Circeios
1273 1393 1339 1444 rele-

240 1460 347 1523 Ceusor,
369 1462 499 1528 Princeps
524 1465 643 1528 Senatus,
666 1467 768 1518 missus·
809 1475 949 1530 gatusest·
983 1484 1022 1519 vr.
1036 1471 1122 1519 Multo
1141 1471 1221 1520 etiam
1239 1471 1339 1520 tristior

238 1552 288 1601 que
301 1538 487 1603 iuAEgyptum
503 1547 534 1591 nt
551 1545 649 1593 tutorio
665 1547 768 1595 nomine
809 1544 848 1594 M.
871 1544 975 1607 Lepidi,
996 1559 1072 1609 quern
1097 1545 1176 1596 Juuia
1198 1546 1237 1594 M.
1260 1547 1339 1596 Bruti

238 1612 329 1676 pupilli
342 1628 447 1676 reguum
459 1616 662 1667 administraret.
681 1619 767 1670 Abeo
807 1632 879 1667 soror
890 1619 926 1667 illi
938 1625 1087 1682 pepererat,
1100 1620 1185 1668 exitus
1196 1619 1261 1681 fuit,
1279 1636 1338 1670 narn

236 1697 388 1752 propagatae
406 1695 466 1738 sunt
480 1691 538 1740 doae
556 1693 712 1755 Lepidorum
729 1694 766 1746 fa.
807 1691 922 1742 iuseusus
942 1694 1068 1754 Augusto,
1088 1708 1145 1742 curu
1167 1694 1239 1743 novis
1261 1696 1337 1746 rebus

237 1763 325 1821 miliae,
338 1778 446 1828 quorum
464 1781 496 1814 ex
513 1769 596 1818 altera
612 1768 718 1822 fuerunt
728 1773 766 1823 Μ.
807 1768 936 1830 studeret,
949 1783 963 1817 a
975 1769 1120 1818 Maecenate
1137 1784 1276 1834 oppressus
1289 1779 1337 1820 est.

237 1843 351 1906 Lepidus
363 1845 475 1894 Porcina
486 1861 502 1894 a
512 1849 623 1898 Vacceis
636 1849 728 1911 victus,
740 1856 767 1899 et
808 1859 835 1894 ν.
846 1844 875 1894 L.
887 1844 1000 1907 Lepidus
1012 1845 1118 1908 Paulus,
1134 1847 1220 1896 Marci
1235 1847 1338 1896 Trium-

235 1918 349 1982 Lepidus
369 1921 500 1981 Livianus,
518 1924 611 1988 aliique
629 1925 685 1973 aliis
702 1931 766 1974 tem.
808 1920 855 1969 viri
867 1918 960 1982 frater,
972 1921 1042 1970 varia
1061 1923 1138 1972 etiam
1157 1921 1262 1972 fortuna
1277 1927 1336 1972 usus

235 1994 339 2056 poribus
359 1997 494 2060 Consules,
513 2014 622 2063 quorum
643 2002 766 2050 continua
807 2003 846 2046 est
855 2013 863 2056 ;
881 2004 954 2059 gesto
966 1997 1034 2045 enim
1047 1997 1187 2047 Consulatu
1201 2012 1267 2046 auno
1279 2003 1337 2048 703.

236 2069 317 2116 series
329 2083 361 2118 ex
373 2071 502 2121 historicis
513 2074 598 2138 colligi
611 2074 654 2122 vix
666 2081 764 2138 potest.
808 2073 999 2134 proscriptus,a
1007 2071 1249 2132 fratreTriumriro,
1261 2087 1336 2133 qrreru

268 2143 363 2205 Stirpis
381 2146 486 2194 alterius
504 2149 630 2212 Princeps
651 2149 711 2210 fuit,
736 2163 767 2198 11.
806 2147 905 2196 hostem
918 2147 1009 2209 patriae
1022 2147 1136 2206 dixerat,
1148 2144 1215 2207 fugit
1228 2145 1260 2192 ad
1272 2147 1338 2194 Bru-

235 2217 343 2266 Marcus
362 2218 407 2266 ille
430 2221 554 2282 Lepidus,
575 2223 620 2284 qui
639 2225 767 2272 Tribunus
808 2225 877 2278 tum,
895 2220 988 2268 deiude
999 2221 1118 2267 Miletum
1129 2220 1251 2278 secessit;
1269 2221 1336 2268 unde

235 2294 347 2344 militum
358 2295 482 2342 Romanis
497 2294 529 2342 de
541 2296 667 2344 Antiocho
685 2298 767 2345 victo·
808 2293 906 2354 aliquot
919 2292 991 2340 anuis
1003 2299 1062 2352 post
1079 2290 1111 2338 ab
1129 2291 1245 2354 Augusto
1263 2309 1336 2343 revo-

235 2371 299 2420 riam
318 2371 416 2419 virtute
433 2385 479 2418 sua
497 2371 610 2434 peperit.
639 2386 682 2420 ιιι.
694 2372 767 2422 Illius
808 2367 1151 2424 caiusscesslffllssctllssest·
1184 2370 1224 2418 ΕΧ
1242 2371 1337 2420 C0ltte·

233 2446 301 2495 filius
323 2447 361 2495 M.
388 2445 502 2508 Lepidus
521 2439 588 2494 cum
614 2446 643 2496 L.
668 2445 765 2497 Oreste
806 2441 1336 2508 lia,P.ScipiouisNasicasetScriboniae,

235 2521 330 2570 Consrrl
339 2535 406 2570 auno
415 2524 472 2570 627.
480 2527 587 2584 quartos
596 2519 670 2568 ludos
682 2536 763 2570 saecu·
806 2531 864 2582 quae
877 2523 968 2580 postea
980 2517 1097 2579 Augusto
1106 2519 1204 2582 nupsit,
1215 2519 1278 2580 iilia,
1296 2536 1335 2575 vt.

232 2598 300 2646 iares
312 2597 462 2646 celebravit.
488 2610 527 2644 rv.
540 2597 579 2644 Ex
592 2610 623 2644 eo
635 2604 711 2644 uatus
723 2603 763 2647 est
804 2596 843 2644 M.
854 2594 981 2656 Lepidum
998 2600 1026 2642 et
1042 2595 1072 2642 L.
1085 2595 1194 2644 Paulum
1212 2599 1334 2660 suscepit.

233 2673 271 2720 M.
290 2671 414 2736 Lepidus,
427 2671 470 2737 qui
487 2671 607 2734 Pompeii
622 2685 672 2734 ope
684 2670 762 2735 adep·
803 2669 889 2718 Ambo
912 2670 1037 2719 Consules
1062 2668 1176 2732 fueraut,
1199 2670 1243 2718 ille
1268 2686 1335 2720 anuo

232 2755 274 2796 tas
288 2748 467 2809 Consulatum,
484 2754 543 2797 acta
558 2747 637 2810 Syllae
653 2763 710 2796 curru
723 2763 761 2797 re·
802 2747 859 2793 768.
868 2744 910 2792 hic
923 2748 980 2793 ⁷53.
1016 2744 1110 2792 Neutri
1122 2743 1189 2792 filius
1199 2752 1274 2792 uatus
1286 2754 1334 2804 est.

232 2823 352 2874 scindere
363 2823 445 2872 vellet
463 2837 530 2872 anno
548 2828 606 2874 675.
624 2839 639 2872 a
655 2825 762 2888 Collega
803 2833 854 2868 vn.
866 2819 917 2868 Sed
930 2818 1034 2882 utrique
1046 2819 1099 2868 tilia
1109 2820 1209 2867 AEmilia
1222 2820 1333 2884 Lepidm

233 2899 267 2949 Q,
286 2898 377 2946 Catulo
395 2897 458 2944 urbe
478 2897 576 2960 pulsus,
595 2897 620 2944 in
637 2897 763 2960 Sardinia,
803 2912 861 2960 quae
884 2897 969 2945 Marci
990 2895 1049 2959 fuit,
1079 2897 1163 2946 Druso
1186 2898 1334 2949 Germanici

231 2986 283 3035 quo
294 2969 406 3033 fugerat,
419 2971 538 3020 decessit.
554 2986 581 3020 v.
597 2971 681 3022 Ambo
694 2974 762 3022 illius
802 2972 872 3032 filio;
890 2987 946 3035 quae
958 2986 1018 3020 vero
1032 2971 1113 3035 Lucii,
1125 2971 1175 3036 Ap.
1187 2973 1265 3023 Juuio
1276 2975 1332 3038 Syl·

230 3046 279 3095 filii
301 3046 395 3094 Lucius
418 3053 445 3094 et
473 3047 578 3097 Marcus
600 3047 631 3096 C.
655 3049 763 3097 Caesaris
803 3047 862 3095 lano
873 3047 968 3110 nupsit.

231 3127 320 3186 partes
342 3121 425 3174 secuti
446 3127 522 3170 suut:
546 3122 588 3170 hic
609 3122 762 3184 Pretorius,

672 3308 894 3376 ANTONII.

264 3449 457 3498 Aurourononr
479 3445 578 3502 familis
597 3445 705 3508 duplex,
725 3444 761 3493 al-

230 3531 288 3586 tera
299 3521 425 3581 Patricia,
437 3521 548 3577 Plebeia
559 3522 656 3569 altera:
676 3521 762 3569 Patri·

230 3587 282 3649 'cias
302 3599 430 3647 Merenda
448 3612 591 3660 cognomen
614 3594 679 3645 fuit:
702 3597 762 3646 Ple·

229 3675 300 3724 beiae
311 3674 416 3722 nullum.
448 3673 556 3722 Plebeia
568 3672 697 3722 recentior
708 3671 763 3734 qui·

229 3750 304 3810 dem,
315 3749 359 3796 sed
369 3748 448 3810 gestis
456 3749 594 3798 honoribus
605 3749 686 3796 multo
695 3748 764 3796 illus·

804 3442 836 3492 ad
845 3441 957 3506 plebem,
968 3441 1101 3492 obscurum
1112 3449 1161 3495 est.

835 3519 858 3566 E
867 3517 969 3583 plebeia
980 3523 1034 3566 tres
1051 3528 1196 3581 quatuorve
1208 3525 1268 3570 aute
1279 3521 1331 3572 Au·

804 3593 868 3643 tonii
889 3592 1008 3642 Oratoris
1030 3599 1134 3644 aetatem
1152 3595 1296 3658 produntur
1318 3611 1333 3644 a

804 3671 887 3720 Livio.
922 3669 961 3716 M.
973 3668 1100 3718 Antonius
1117 3672 1244 3732 Magister
1254 3673 1333 3737 Equi-

804 3754 858 3794 tum
872 3761 887 3793 a
897 3744 929 3794 P.
939 3745 1059 3793 Cornelio
1068 3745 1160 3795 Rufino
1170 3746 1254 3796 dictus
1265 3762 1333 3797 auno

228 3825 310 3884 trior·;
334 3837 394 3871 naus
414 3837 429 3872 e
451 3823 566 3872 Patricia
588 3823 639 3871 dno
664 3830 763 3872 tantum
803 3827 860 3874 419.
888 3823 923 3871 Et
935 3823 1015 3871 multo
1027 3825 1206 3885 postQuintus
1216 3832 1242 3874 et
1253 3825 1334 3874 Aulus

228 3906 416 3960 memorantur,
436 3912 544 3962 quorum
560 3899 625 3948 alter
640 3900 670 3949 Τ.
684 3899 764 3948 Anto·
803 3897 926 3958 Antonii;
943 3899 1111 3960 quorumille
1128 3901 1159 3948 L.
1172 3899 1267 3948 AEmilii
1278 3899 1332 3953 lle-
1367 3927 1369 3931 -

228 3976 290 4024 nius
312 3973 448 4033 Merenda,
475 3973 518 4036 qni
541 3974 683 4022 Decemvir
704 3988 762 4022 cum
804 3976 856 4039 gilli
870 3975 1094 4024 Praetorisoontra
1108 3975 1273 4038 Antiochum,
1289 3976 1333 4025 hie

229 4051 255 4100 A
260 4067 285 4114 p.
299 4049 407 4099 Claudio
420 4063 485 4097 anno
503 4052 559 4096 606.
571 4049 604 4096 ob
615 4046 762 4098 affectatam
803 4053 833 4100 L.
844 4050 937 4099 AEmilii
948 4051 1024 4098 Pauli
1036 4051 1155 4099 Consulis
1166 4059 1257 4100 contra
1269 4053 1333 4102 Per·

229 4126 408 4190 Tyrannidem
426 4140 490 4175 cunr
502 4125 615 4187 Collegis
629 4125 693 4174 urhe
707 4127 762 4189 pul·
804 4140 849 4174 seu
861 4126 960 4187 legatus
971 4124 1029 4174 fait.
1052 4125 1139 4175 AEtate
1151 4127 1226 4176 etiam
1236 4141 1333 4192 suppar

230 4217 277 4250 sus
289 4209 337 4251 est.
363 4201 440 4250 Alter
451 4201 484 4252 Q.
498 4199 625 4249 Antonius
638 4200 765 4248 Merenda
803 4199 920 4251 illisfuit
938 4201 976 4249 M.
996 4200 1125 4251 Antonius
1145 4201 1256 4250 Praetor.
1282 4202 1332 4255 ,Ab

226 4279 361 4334 ffribnnus
373 4280 489 4330 militaris
500 4283 634 4329 anno'dssl.
658 4279 698 4327 An
709 4285 764 4328 tum
804 4279 834 4327 lis
851 4283 1024 4341 prognatusue
1035 4276 1069 4325 sit
1083 4276 1212 4329 Antonius
1226 4278 1333 4338 Orator,

227 4357 290 4404 haec
300 4353 397 4404 familia
407 4355 522 4419 desierit,
535 4370 567 4405 au
579 4356 764 4406 secontnlerit
805 4369 837 4403 au
848 4367 929 4417 secus,
940 4351 1068 4402 incertum
1087 4363 1134 4404 est.
1169 4354 1233 4406 Cum
1248 4359 1332 4402 tamen

300 4435 389 4498 Dolplr.
399 4441 423 4485 ct
439 4436 496 4488 Vas.
509 4438 575 4488 Clas.
723 4435 774 4485 Vol.
786 4435 855 4484 Mna.
1246 4434 1267 4482 C
