3386 5262
482 565 690 623 ‚ounmsus
715 566 761 614 nr
785 567 969 617 anninus.
1238 555 1282 621 29

221 709 310 774 thue
321 722 374 757 rem
387 708 474 770 paucis
490 708 650 772 concludam,
659 721 717 772 pos·
755 715 784 760 et
795 715 865 758 stata
880 708 978 758 fuerint
989 708 1077 771 primis
1092 709 1163 759 hisce
1182 717 1284 776 tempo·

189 783 272 834 teriur
292 789 354 831 aetas
372 797 389 830 a
406 790 524 831 ueterum
544 784 717 834 Rornanorum
758 782 1283 846 ribustumgentiumturufamiliarumso·
1314 832 1318 836 ,

192 858 375 908 cousuetudine
387 859 412 906 in
424 859 462 907 his
481 858 579 908 duobus
590 857 716 921 deflexit;
755 860 862 920 cubula:
877 858 1064 924 posterioribus
1076 873 1136 908 vero
1148 875 1199 908 uon
1212 863 1284 914 item.

192 935 262 999 quod
289 942 316 984 et
348 935 477 997 proprium
505 935 597 999 cuique
625 950 717 986 nornen
756 936 825 986 Hoc
844 935 921 984 habui
942 934 999 984 lere
1020 935 1052 984 de
1070 935 1216 986 horninibus
1233 939 1284 988 Ro-

191 1008 271 1059 fuerit
291 1017 378 1060 stante
398 1009 551 1072 Republica,
573 1011 642 1074 quod
667 1012 717 1074 pri·
754 1027 899 1076 manorum,
912 1027 968 1077 quae
981 1011 1103 1062 dicerem.

192 1091 272 1134 muns:
285 1098 384 1136 cavero
392 1099 493 1148 evera,
505 1085 573 1150 quod
585 1087 716 1141 ultimum:

583 1303 884 1314 ψ

361 1479 438 1554 nn
472 1477 747 1554 Genusus
781 1458 852 1552 Eu
885 1477 1124 1555 eunicus

549 1639 937 1727 somnuouuun

228 1805 270 1854 Ur
301 1807 426 1858 Historiae
453 1809 578 1858 Romanae
605 1808 725 1858 studiosis
765 1809 913 1858 continuam
936 1807 1088 1860 familiarum
1111 1811 1204 1860 serien:
1226 1807 1292 1858 indi·

195 1881 404 1933 adolescentibus
419 1900 499 1948 opera
517 1894 604 1936 nostra
626 1887 725 1950 gratior
765 1890 835 1934 cent.
870 1885 901 1933 ln
919 1884 1050 1949 signandis
1068 1886 1207 1936 Consulum
1219 1885 1293 1934 annis

195 1957 238 2016 ait,
249 1959 366 2008 etetiam
375 1961 471 2022 utilior,
480 1975 528 2010 non
538 1970 628 2024 gentes
638 1977 725 2012 omues
764 1959 858 2010 Festos
887 1960 1052 2022 Consulares,
1070 1968 1100 2010 ut
1120 1967 1213 2010 extant
1237 1968 1293 2009 tum

195 2033 334 2097 Romanas,
344 2037 412 2101 quod
425 2037 551 2088 infinitum
563 2040 605 2100 sit,
616 2039 658 2088 hic
668 2053 725 2102 per·
765 2035 834 2099 apud
845 2035 978 2099 sigonium
1000 2043 1055 2086 turn
1074 2038 1142 2101 apud
1163 2035 1293 2098 Pighium,

196 2109 342 2171 sequimur;
360 2113 406 2159 sed
419 2127 463 2161 eas
475 2119 585 2176 tautum,
601 2115 655 2163 slve
673 2115 725 2163 Pa·
766 2110 849 2158 secuti
861 2125 964 2160 sumus:
985 2126 1063 2175 quare
1073 2127 1105 2160 ne
1114 2111 1171 2175 quis
1179 2109 1296 2167 miretur,

197 2181 281 2228 tricia:
304 2183 364 2243 siut,
386 2185 441 2234 sive
462 2187 590 2250 Plebeiae,
609 2204 666 2251 quae
685 2189 727 2236 vel
766 2183 788 2230 si
811 2199 827 2232 a
849 2184 1012 2247 Glandorpio
1040 2186 1147 2247 aliisque
1168 2181 1296 2230 nonnullis

197 2255 306 2303 militari
325 2259 415 2319 gloria,
432 2261 473 2307 vel
485 2262 563 2320 gestis
582 2262 728 2321 honoribus,
767 2261 862 2322 sepius
885 2262 1082 2309 dissentiamus:
1100 2261 1142 2322 qui
1160 2273 1235 2322 quiem
1250 2259 1296 2306 du·

198 2333 639 2394 praeceterismaximefloruerunt.
665 2336 729 2384 Cum
769 2334 1002 2383 cernadliibuerint
1021 2335 1097 2397 plane
1116 2335 1211 2384 nescio.
1246 2335 1298 2383 Ex·

198 2420 264 2454 vero
275 2414 336 2454 ante
346 2407 411 2456 bella
424 2409 533 2468 Punica,
549 2408 666 2458 Romana
682 2424 731 2473 res,
771 2414 861 2470 cerpta
874 2408 953 2458 etiarn
966 2423 997 2456 ex
1005 2409 1095 2471 primae
1108 2411 1198 2458 classis
1211 2419 1299 2458 auctu·

199 2482 375 2543 autangustis,
391 2489 435 2530 aut
447 2482 548 2545 iisdem,
567 2483 659 2546 quibus
675 2483 730 2533 lta·
770 2483 841 2532 ribus
864 2484 1013 2534 testimonia
1036 2486 1178 2548 appingere
1206 2485 1298 2545 libuit:

198 2556 243 2617 lia,
252 2555 345 2605 linibus
357 2557 542 2618 clauderetur:
559 2565 588 2607 et
603 2558 729 2610 bellorum
771 2573 863 2624 esque,
876 2560 961 2625 quoad
973 2561 1057 2622 licuit,
1070 2561 1189 2624 iusignia,
1206 2561 1298 2624 quibus

200 2638 228 2681 et
250 2631 343 2682 discum
365 2632 434 2684 fama
461 2635 571 2698 primum
595 2635 729 2686 obscurior
770 2647 924 2685 summorum
937 2637 1048 2686 uirorum
1070 2645 1096 2685 et
1112 2634 1298 2699 expressafor-

199 2707 259 2770 furt,
269 2714 359 2771 postea
371 2709 513 2759 illustrior:
532 2725 611 2774 quare
617 2708 728 2760 familias
769 2724 810 2760 nau
821 2717 872 2773 est,
882 2716 909 2760 et
918 2711 1032 2760 indoles:
1051 2725 1100 2775 quo
1111 2713 1178 2760 enirn
1192 2711 1299 2774 quisque

202 2797 259 2846 qua:
272 2791 332 2832 ante
344 2785 387 2832 illa
404 2791 530 2846 ternpore,
546 2792 591 2834 aut
603 2785 673 2834 domi
683 2795 729 2836 aut
769 2791 797 2834 et
808 2787 924 2848 corporis
941 2786 1032 2835 habitu
1048 2787 1129 2836 fuerit
1150 2794 1177 2836 et
1196 2785 1300 2848 ingenio

200 2857 303 2907 militiae
315 2859 414 2907 nobiles
426 2860 578 2923 extiterunt,
588 2877 663 2925 quarn
672 2851 730 2911 bre·
770 2873 930 2922 cognoscere
941 2861 1081 2923 voluptatis
1091 2861 1170 2910 habet
1178 2858 1300 2916 nonnihil.

200 2937 306 2984 tissime
317 2935 372 2986 ficri
381 2937 467 3000 potnit
475 2937 659 3001 explicuimus:
673 2955 730 3003 quae
772 2935 814 2983 De
829 2933 933 2984 familiis
947 2935 1122 2984 Rornanorum
1141 2936 1301 2998 scripserunt

202 3012 337 3072 aliquanto
356 3021 416 3074 post
436 3011 514 3060 orbis
533 3014 668 3076 imperium
686 3029 732 3076 pa.
772 3009 902 3058 Antonius
914 3009 1084 3074 Augustinus,
1096 3025 1110 3060 e
1122 3011 1231 3060 nummis
1241 3011 1301 3060 Ful·

203 3084 261 3132 tria
280 3099 332 3132 sua:
344 3086 439 3134 virtute
454 3084 549 3135 bellica
565 3095 733 3150 pepererunt,
774 3084 830 3132 vius
849 3085 968 3144 Ursinus,
990 3085 1163 3149 Glandorpius
1182 3087 1209 3133 in
1230 3087 1301 3134 Ouo-

203 3160 282 3222 paulo
302 3159 413 3208 uberius.
457 3159 497 3208 Ac
519 3175 552 3208 ne
572 3161 633 3222 quid
656 3163 733 3209 etiam
773 3159 894 3218 mastico,
906 3158 999 3205 tabnlis
1010 3165 1037 3206 et
1051 3160 1194 3208 Richardus
1204 3159 1303 3206 Streln-

202 3233 272 3282 illud
292 3234 403 3281 haberet
419 3232 527 3289 fastidii,
550 3247 608 3278 curn
628 3233 733 3281 familiae
772 3231 839 3289 uiris,
858 3238 886 3277 et
905 3231 1197 3282 NicolausReusnerua.
1217 3233 1304 3280 Multa

203 3307 266 3356 aliae
279 3306 372 3355 multos
392 3312 420 3353 et
431 3305 502 3369 pacis
513 3313 542 3352 et
561 3305 622 3353 belli
638 3305 735 3354 artibus
775 3302 853 3350 etiam
880 3301 959 3350 lubet
982 3303 1090 3363 Pighius
1117 3306 1144 3352 in
1163 3304 1305 3354 Annalibus

203 3384 320 3447 insigues
331 3383 398 3431 viros
407 3380 573 3446 protulerint,
585 3381 642 3430 aliae
651 3396 736 3446 uuum,
775 3375 907 3439 Romanis,
919 3390 966 3426 nee
982 3388 1032 3425 non
1053 3385 1081 3426 et
1098 3377 1127 3426 in
1138 3379 1222 3428 Fastis
1232 3380 1304 3444 Sigo-

203 3461 350 3510 alterumve
368 3466 484 3518 tentum:
508 3457 610 3507 illarum
628 3463 737 3506 stemma
776 3453 846 3514 nius3
866 3452 959 3516 quibus
971 3452 1075 3517 quidem
1087 3453 1252 3504 omnibus'usi
1263 3471 1304 3504 su·

203 3536 335 3598 integrum
347 3533 495 3597 appositum
506 3538 563 3594 est3
575 3534 663 3582 harum
675 3548 736 3582 vero
775 3543 840 3578 mus.
873 3527 925 3578 Sed
939 3529 989 3576 alia
1001 3528 1061 3590 illis,
1073 3529 1124 3578 aliu
1140 3529 1226 3590 nobis,
1244 3533 1306 3580 scri·

205 3616 260 3663 non
272 3611 345 3671 item,
362 3611 407 3658 sed
424 3607 559 3658 clarissimi
576 3609 671 3672 quilque
689 3624 736 3660 suo
773 3608 853 3660 bendi
866 3609 932 3658 ratio
943 3607 1078 3670 proposita
1089 3615 1147 3668 est3
1168 3617 1226 3656 utra
1242 3624 1306 3672 pre.

204 3687 318 3751 quisque
332 3686 390 3732 loco
400 3685 533 3746 appellati.
567 3685 609 3733 Ne
620 3685 662 3734 cui
674 3699 736 3734 vero
776 3690 830 3733 stet
841 3683 926 3747 alteri,
943 3691 1015 3733 tuum
1031 3691 1097 3745 esto,
1117 3684 1224 3746 Lector,
1237 3684 1306 3748 judi·

206 3759 340 3810 nominum
349 3758 487 3808 similitudo
496 3774 609 3810 errorem
617 3760 737 3822 objiciat:
777 3761 853 3810 cium.
887 3759 914 3808 Si
934 3767 1022 3808 nostra
1033 3759 1082 3808 tibi
1092 3772 1143 3808 non
1158 3759 1306 3823 displiceat,

207 3845 239 3886 et
252 3848 342 3895 annus,
365 3847 415 3897 quo
436 3835 542 3898 quisque
562 3835 659 3884 Consul
678 3833 739 3898 fuit,
778 3844 861 3893 utere,
877 3843 904 3884 et
913 3833 983 3884 fave.

208 3915 349 3965 annotatus
361 3917 410 3972 est,
422 3916 449 3958 et
461 3911 561 3973 praefixi
576 3914 683 3972 numeri,
694 3914 737 3978 qui

225 4066 315 4145 QUI
331 4065 466 4132 APUD
482 4063 718 4131 ROMANOS
736 4062 968 4141 PATRICIL
984 4063 1072 4142 QUI
1088 4062 1305 4130 NOBILES.

204 4221 208 4226 '
247 4215 433 4265 Romusouunr
455 4227 543 4263 omnes
563 4220 617 4262 turn
650 4221 742 4276 gentes
782 4211 1307 4276 'sigenusspectemus,Patriciaefuerunt;

213 4299 270 4339 tum
282 4289 387 4340 familiae
398 4292 423 4339 in
436 4299 547 4356 quatuor
558 4291 652 4340 classes
664 4290 742 4338 tribui
783 4289 839 4337 aliae
851 4288 978 4336 Plebeiae:
1000 4288 1022 4336 si
1032 4289 1153 4350 honores;
1166 4289 1223 4338 aliae
1235 4285 1307 4336 nobi·

212 4367 285 4415 haurd
296 4368 454 4437 incommode
466 4375 589 4431 possunt:
602 4367 657 4416 aliae
666 4366 743 4428 euim,
781 4365 832 4425 les:
845 4365 992 4432 alienove.
1011 4363 1125 4416 Primum
1136 4364 1309 4434 dePatriciis,
