3266 5174
324 389 390 460 286
626 402 782 452 vrunnrr
805 401 950 450 nrxrnr
976 402 1048 452 urs.
1071 401 1111 450 11.

368 555 400 618 5.
423 552 466 631 Q.
481 550 581 616 etium
608 546 751 611 Fulvius
768 545 914 610 Flaccus
928 563 1056 623 censor,
1077 545 1232 612 Fulvium
1261 547 1415 614 fratrem·

325 656 490 720 cohortem
505 647 685 731 legionis,¹8
695 657 709 682 ¹
730 649 763 710 in
778 667 845 729 que
858 647 1009 710 tribunus
1024 647 1163 712 militum
1179 657 1262 728 crat,
1284 651 1415 735 injussu

324 753 472 820 consulis
483 751 617 816 domum
631 747 794 812 dimittere
810 766 939 825 ausum,
955 751 1070 810 senatu
1084 749 1208 812 movit-t
1253 750 1333 815 Nou
1347 750 1415 832 dig·

322 873 364 919 uu
377 854 545 937 exemplu,
571 871 649 935 quse
675 857 744 942 tem
771 848 953 928 breviter,¹⁹
974 849 1041 913 nisi
1062 849 1245 932 majoribus
1272 871 1414 935 urgerer,

321 957 525 1020 reserrentur.
569 951 663 1030 Quid
678 953 765 1016 enim
777 957 847 1015 tum
861 951 996 1016 difficile
1011 950 1115 1028 iactu,
1126 971 1229 1034 quam
1245 945 1414 1035 copulutae

324 1057 474 1122 societati
492 1054 619 1138 generis
634 1057 667 1117 et
681 1051 859 1134 imaginum
869 1052 1050 1117 deformem
1065 1054 1098 1116 iu
1112 1055 1256 1136 petriam
1273 1054 1414 1120 reditum

321 1159 493 1223 indiceret
517 1162 575 1221 aut
600 1154 861 1220 communioui²0
882 1156 1037 1232 nominis,
1068 1175 1109 1220 ac
1133 1149 1270 1219 familiae
1293 1157 1413 1222 veteris

320 1261 576 1344 propinquitatis
590 1259 674 1322 serie
688 1257 881 1335 cohaerenti,
902 1257 1066 1338 virgarum
1090 1259 1329 1322 contumeliosa
1342 1277 1414 1323 ver·

319 1364 398 1426 bera
414 1362 592 1426 adhiberet
616 1365 673 1424 aut
686 1358 875 1424 censorium
898 1359 1108 1441 supercilium
1124 1357 1283 1424 adversus
1296 1360 1413 1426 frater-

317 1483 394 1528 nam
408 1465 583 1559 caritatem
598 1461 824 1545 destringeret
834 1473 844 1499 ⁶
855 1468 880 1498 ²¹
924 1461 1053 1526 Dentur
1065 1462 1138 1527 hoec
1153 1461 1283 1545 singula
1295 1482 1412 1546 quam-

348 1721 360 1749 ‘
372 1710 442 1771 ,Quid
452 1711 513 1762 enim
524 1709 649 1770 tumsuctu
659 1709 763 1775 difficile
775 1725 844 1772 quum
852 1710 1077 1773 imperarereditum
1087 1710 1112 1760 in
1119 1711 1224 1774 putrium
1234 1711 1413 1772 ignominiorum

317 1779 406 1828 bomini
416 1777 537 1838 carpuneto
556 1781 579 1824 et
590 1776 715 1836 sanguinis
725 1781 748 1822 et
765 1777 895 1824 rternmctis
911 1775 1012 1838 uinculo,
1030 1783 1058 1826 ut
1070 1775 1133 1835 ferit
1147 1777 1269 1834 Rictibus,-
1285 1780 1326 1824 cut
1337 1778 1413 1838 uirgis

317 1846 414 1903 cedere,
424 1843 483 1905 quod
493 1841 635 1902 supplicium
645 1837 742 1899 infame,
758 1840 851 1904 affinem
863 1839 964 1899 ejmdem
976 1845 999 1888 et
1008 1840 1108 1888 nominis
1118 1845 1141 1888 et
1155 1840 1269 1903 sumilioe,
1280 1845 1307 1889 rt
1325 1841 1412 1891 Cotto:

317 1913 358 1957 cut
369 1921 475 1957 exercere
485 1904 612 1956 censoriam
623 1904 772 1955 eremitatem
782 1903 984 1968 connumerem,
995 1908 1022 1953 ut
1034 1904 1143 1954 Fuluius.

316 2183 392 2233 ubest
406 2183 438 2231 ab
459 2180 575 2231 omnibns
594 2181 736 2231 cortu-rt
753 2181 796 2231 lta
817 2181 907 2245 Cump.
929 2179 1022 2231 Atreb.
1043 2181 1128 2230 Pulm.
1148 2181 1245 2232 Brund.
1265 2186 1288 2232 1.
1304 2185 1329 2232 2.
1347 2183 1410 2234 Exc.

314 2248 403 2309 steph.
414 2252 441 2294 et
452 2247 566 2295 nonnulli
577 2246 684 2296 Torren.
703 2260 760 2293 curn
778 2245 889 2306 Herbip.
899 2259 966 2305 ⁴ager
982 2245 1089 2292 incensus
1100 2245 1226 2294 exhibent
1236 2247 1343 2296 Venett.
1355 2249 1410 2296 Me·

314 2309 376 2360 diol.
389 2309 467 2358 Aldd.
478 2311 579 2374 Grypb.
589 2310 676 2359 Chalc.
688 2309 811 2370 etStepb.
819 2319 895 2367 agger
904 2308 1024 2355 iniremus
1035 2307 1108 2354 mulir
1117 2308 1235 2368 Lipsius;
1252 2325 1327 2371 agger
1336 2326 1413 2360 ercen-

313 2388 352 2422 rus
363 2375 479 2425 Colerus.
515 2376 578 2423 Mox
597 2374 716 2436 copulam
736 2375 759 2419 et
777 2371 866 2418 delent
878 2370 973 2431 Ultrnj.
986 2373 1009 2428 1.
1020 2373 1043 2418 2.
1064 2371 1178 2417 nonnulli
1189 2371 1298 2420 Torren.
1311 2375 1371 2424 Vet.
1383 2381 1411 2424 et

313 2439 385 2503 Meg.
418 2438 523 2488 Deinde
535 2437 636 2502 plurimi
647 2437 752 2483 Torren.
771 2447 828 2480 cum
838 2433 899 2481 Vet.
916 2433 988 2494 Meg.
1001 2433 1108 2481 Venett.
1125 2432 1233 2482 Medici.
1253 2439 1302 2485 &e
1325 2445 1410 2497 erum

311 2517 369 2552 narn
380 2504 481 2563 suerunt
491 2509 532 2549 est
542 2517 558 2548 c
569 2499 736 2560 trgum-rs
753 2496 903 2544 Perizonius
912 2495 1012 2544 emend.
1024 2493 1129 2554 fratrem
1140 2502 1277 2558 consortem,
1287 2501 1410 2564 legionem,

310 2569 352 2629 isc.
368 2566 413 2618 sed
424 2579 473 2614 non
484 2563 575 2612 favent
585 2560 659 2610 codd.
692 2558 796 2608 Deinde
811 2559 901 2622 Steph.
919 2567 1003 2610 renutu
1019 2559 1181 2609 cruorit-19
1197 2559 1265 2609 ‘Alii
1285 2563 1409 2614 omittunt

312 2646 374 2694 que,
389 2637 418 2678 ut
429 2629 488 2676 Vet.
500 2632 527 2675 et
538 2626 609 2688 Meg.
625 2625 669 2673 alii
679 2624 747 2687 iique
758 2624 860 2686 plurimi
871 2640 877 2672 ι
898 2625 954 2674 Tam
965 2626 1039 2686 dignu
1050 2625 1155 2686 exemplu
1166 2629 1215 2672 tam
1226 2625 1329 2676 breuiter
1345 2644 1408 2686 nuru

312 2695 371 2741 elii:
392 2694 450 2740 Tum
460 2692 534 2752 dignu
544 2690 650 2750 exemplu
659 2703 705 2737 non
716 2693 766 2736 tum
777 2688 885 2738 breuiter.
918 2689 1009 2738 Lectio
1021 2689 1144 2737 textuslis
1156 2695 1196 2738 est
1212 2704 1227 2737 u
1244 2690 1348 2754 Pighio,
1364 2696 1409 2757 qni

311 2754 467 2803 auctoritate
479 2754 544 2803 Susii
556 2761 585 2803 et
596 2753 681 2801 Pulm.
693 2751 730 2800 sic
742 2751 834 2801 edidit.
860 2753 957 2801 Sensus
969 2759 1055 2801 munet
1063 2752 1143 2815 idem,
1158 2767 1318 2819 quocumque
1330 2756 1408 2807 etiarn

309 2819 368 2867 loco
385 2833 432 2866 uon
454 2827 574 2880 ponetur,
590 2832 647 2866 cnm
666 2816 810 2876 reserrentur
828 2817 1048 2877 construendum
1065 2819 1216 2880 nentiquam
1236 2834 1293 2868 cnrn
1315 2822 1408 2882 digno!

310 2881 398 2944 chp.
433 2882 586 2932 Perizonius
607 2881 719 2940 dubitat,
745 2895 777 2930 au
796 2895 844 2944 per
864 2881 1094 2982 interrogationem
1113 2891 1183 2931 esset
1203 2883 1330 2942 positum:
1350 2887 1408 2936 Tum

309 2945 384 3008 digno
394 2948 510 3010 exemplu,
525 2951 575 2996 tum
586 2946 697 3003 breuiter,
714 2945 755 3006 bu.
771 2944 1040 3004 „deferentem-20
1057 2945 1165 3009 Pighius
1183 2947 1282 2996 edidit:
1300 2951 1407 3012 copulato

309 3011 422 3060 societate
432 3044 438 3059 .
448 3044 454 3059 .
465 3041 472 3060 .
483 3011 656 3060 communione:
676 3008 721 3058 sed
732 3010 792 3059 lect.
804 3017 919 3059 nostrum
932 3017 1060 3059 testentur
1071 3011 1137 3058 Dan.
1148 3011 1247 3061 Brund.
1259 3017 1282 3062 1.
1292 3017 1317 3062 2.
1330 3014 1408 3076 pinri-

308 3075 343 3123 mi
352 3077 459 3124 Torren.
471 3089 529 3125 cum
538 3076 599 3123 Vet.
610 3075 681 3137 Meg.
692 3075 797 3123 Venett.
809 3074 919 3124 Mediol.
931 3073 1011 3123 Aldd.
1024 3075 1106 3124 Colin·
1120 3075 1221 3139 Grypb.
1240 3081 1268 3125 et
1285 3077 1407 3140 Steph-

308 3143 339 3188 21
357 3138 389 3188 ln
401 3139 461 3190 edd.
474 3147 540 3191 vett.
549 3139 707 3200 distringere:
724 3139 863 3188 Torreuius
875 3136 949 3189 dedit
958 3140 1113 3202 destringere,
1131 3152 1240 3204 eumque
1251 3142 1335 3191 secuti
1347 3143 1406 3206 Bip.

804 3317 912 3367 NO'l'AE

305 3445 373 3510 lites,
384 3451 413 3494 ut
422 3459 455 3494 ex
471 3443 568 3494 ultimis
587 3445 766 3495 centuriarum
783 3446 838 3495 De·
909 3435 1160 3513 'Fuluiumsrutrem]
1178 3449 1210 3500 Q.
1220 3451 1324 3500 Fulvius
1335 3453 1406 3503 Fluc·

308 3522 385 3571 curiis
404 3520 511 3584 delecti,
525 3520 562 3569 itu
581 3520 613 3569 cd
628 3519 716 3569 infime
726 3531 836 3585 querque
876 3537 933 3585 cus,
956 3522 989 3572 de
1011 3539 1061 3588 quo
1080 3525 1207 3589 superius,
1225 3525 1288 3577 duos
1308 3527 1405 3579 fratrer

309 3596 437 3662 deputati.
875 3598 965 3648 hebuit
982 3600 1020 3664 M.
1039 3608 1066 3650 et
1082 3602 1130 3651 Cn.
1149 3601 1270 3654 Fulvius:
1295 3604 1403 3653 illumin

338 3671 570 3734 tAggerr'ncenrru]
597 3671 639 3720 Sic
656 3670 760 3734 quidem
771 3671 836 3734 legit
876 3673 1326 3742 Hispaninmlegatumduxit3bunc
1336 3678 1400 3726 Cen·

307 3747 428 3812 Pighius;
445 3755 482 3810 ct,
498 3748 543 3811 qni
565 3761 652 3810 agger,
663 3761 747 3796 cume
765 3754 836 3799 terre
877 3765 919 3800 sor
929 3751 1027 3801 Senatu
1039 3752 1128 3804 morit.

306 3826 384 3885 esset,
393 3821 497 3871 incendi
506 3823 606 3886 potuit?
623 3822 728 3880 Melius,
737 3822 836 3887 opinor,
906 3827 1055 3878 'Cohortem
1068 3828 1179 3891 legionis]
1205 3828 1274 3880 Quid
1296 3825 1402 3890 Cohors,

281 3894 284 3904 '
306 3897 419 3962 Lipsius,
434 3914 509 3961 agger
523 3901 655 3958 inscensum
667 3899 835 3950 numinscen-
875 3899 938 3968 quid
953 3903 1042 3968 Legio,
1060 3905 1117 3971 quis
1133 3903 1259 3953 Tribunus
1279 3899 1402 3968 Militum,

306 3971 333 4020 di
350 3978 377 4023 et
387 3974 525 4025 conscendi
544 3975 647 4040 vellum,
659 3975 722 4025 trita
731 3983 772 4025 est
783 3977 834 4027 lec·
874 3978 902 4027 in
912 3979 1008 4029 Militia
1018 3982 1190 4030 Romanorum
1201 3976 1321 4026 diximus.

306 4045 352 4094 tio.
570 4075 572 4078 ·
908 4061 919 4108 r
931 4053 982 4102 An.
994 4055 1032 4103 M.
1044 4059 1117 4103 888⁰.
1135 4052 1179 4102 01.
1189 4055 1244 4100 151.
1256 4053 1279 4100 11.
1291 4051 1354 4102 Urb.
1367 4053 1399 4104 C.

339 4111 416 4171 ren.
427 4121 465 4172 Μ.
476 4127 549 4174 usuc.
566 4125 611 4178 01.
623 4131 678 4180 me.
689 4132 711 4178 1.
727 4128 791 4179 Uru.
802 4129 833 4180 c.
874 4131 931 4176 crs.
948 4127 1012 4176 Am.
1025 4129 1053 4177 c.
1066 4132 1120 4176 rm.

306 4196 364 4252 1101.
381 4193 444 4244 Ant.
456 4197 553 4249 (1.261.
