3224 5162
324 459 389 524 188
640 467 793 518 vinnan
820 467 965 516 uaxrnr
994 467 1105 515 nra.1.

367 620 398 682 4.
422 615 578 696 Sequitur
591 629 689 694 reque
706 610 749 674 ad
762 607 928 692 publicam
943 609 1131 689 religionem
1145 610 1312 690 pertinens
1326 625 1414 670 som·

323 720 424 784 nium.
467 713 552 778 Cum
574 709 716 795 plebeiis
740 707 850 774 ludisk
872 708 1008 793 quidem
1022 708 1266 790 paterfamilias
1281 727 1341 790 per
1354 709 1415 771 cir·

323 837 396 881 cum
415 809 634 891 li'lamiuium,¹
654 813 848 896 priusquam
861 829 987 893 pompa
1000 807 1026 848 ¹⁶
1047 807 1268 885 induceretur,
1282 826 1415 872 servum

324 935 422 981 suum
445 915 639 1004 verberibus
661 913 882 988 mulcatum,¹⁷
905 913 970 976 sub
995 911 1119 975 iurca¹¹¹
1139 908 1183 972 ad
1210 909 1416 990 supplicium

323 1018 457 1099 egisset,
480 1016 535 1082 Ti.
548 1014 668 1080 Atinio
679 1015 729 1056 ¹⁸¹¹
750 1014 875 1080 bomini
897 1033 940 1079 cx
968 1015 1068 1098 plebe
1092 1011 1222 1095 Jupiter
1243 1010 1277 1080 in
1302 1010 1416 1092 quiete

321 1119 499 1201 praecepit,
520 1121 580 1180 ‘ut
603 1113 801 1182 oonsulib'as
820 1115 957 1193 diceret,
973 1115 1039 1179 sibi
1052 1113 1305 1196 praesultorem⁰
1324 1108 1415 1174 ludis

323 1218 537 1284 Circensibus
557 1217 722 1300 proximis
741 1235 810 1280 non
822 1217 996 1300 placuisse
1003 1215 1024 1281 :’
1045 1233 1123 1298 quar
1138 1233 1193 1278 res
1207 1213 1274 1275 nisi
1289 1215 1416 1275 attenta

321 1317 474 1383 ludorum
488 1316 727 1382 Instauratione
741 1319 882 1399 expiata
903 1325 1002 1395 esset,
1029 1321 1217 1382 secuturum
1229 1331 1296 1376 non
1312 1308 1414 1374 medi·

322 1437 401 1483 ocra
417 1419 509 1484 urbis
530 1419 727 1502 periculum.
771 1419 833 1484 Ille
857 1421 990 1496 veritus,
1014 1437 1055 1482 ne
1070 1437 1146 1482 cum
1161 1417 1273 1499 aliquo
1289 1411 1416 1476 iucom-

319 1728 346 1762 νο
358 1718 466 1776 propter
476 1711 626 1775 precedens
637 1716 739 1761 νει-16
750 1711 852 1760 Gernbl.
864 1718 890 1759 et
901 1711 991 1761 Atreb.
1000 1712 1135 1774 priusquam
1142 1711 1250 1758 ciromur
1267 1706 1329 1755 Vct.
1338 1705 1417 1768 prius·

320 1793 390 1840 quom
410 1792 504 1827 momu:
529 1777 636 1840 Pighius
655 1791 687 1824 ex
711 1776 802 1823 codice
822 1776 942 1838 quodam,
955 1777 1090 1838 priusquam
1111 1789 1189 1822 oroma
1210 1773 1414 1823 introducentem

321 1841 388 1889 nnde
399 1841 532 1889 Pontanus
545 1850 571 1888 et
584 1841 689 1888 Colerus
708 1839 777 1902 conj.
794 1854 909 1900 acroama,
928 1838 1097 1901 probantibus
1118 1837 1223 1885 Salmas.
1241 1843 1267 1882 at
1289 1835 1415 1894 Ruperto.

321 1907 386 1954 vide
398 1905 453 1954 Cic.
467 1919 512 1967 pro
520 1905 594 1953 Sext.
613 1919 696 1968 pompa
711 1904 834 1953 exhibent
854 1903 945 1966 viginti
964 1903 1015 1952 dno
1029 1893 1192 1952 Torreniaui.
1217 1900 1322 1948 Salmas.
1335 1894 1415 1944 etiarn

320 1971 387 2033 conj.
399 1973 552 2018 crema—ll
565 1968 617 2018 Alli
629 1971 762 2030 multotum,
775 1968 814 2016 vel
825 1969 1036 2017 mulctatum—18
1048 1966 1130 2016 Codd.
1142 1978 1230 2015 omnes
1240 1971 1266 2012 et
1279 1961 1338 2011 edd.
1352 1964 1414 2008 vett.

321 2047 368 2098 pro
381 2033 418 2084 n.
429 2033 514 2083 Atinio
524 2033 622 2082 habent
631 2033 729 2082 Latina
760 2032 797 2082 At
810 2033 916 2096 Pighius
928 2047 959 2082 err
973 2032 1094 2082 Laclant.
1106 2045 1136 2082 ιι.
1145 2035 1170 2080 i.
1185 2031 1223 2080 Ti.
1233 2027 1317 2080 Atinio
1327 2027 1414 2090 legen·

818 2177 924 2227 NOTAE

319 2309 493 2354 consternite
511 2305 660 2354 Latinorum
673 2307 793 2354 cobortes
808 2301 848 2352 iu·
888 2303 1045 2353 commodius
1057 2303 1254 2365 explicabimus.

318 2394 377 2442 gam
385 2393 415 2428 sc
425 2381 571 2430 vastitatem
580 2381 633 2430 late
641 2378 769 2428 feceruut.
782 2377 847 2424 lieo
918 2383 937 2408 ¹¹²
953 2375 1093 2436 Sobsurco]
1116 2377 1257 2424 Parcarum
1277 2375 1327 2424 tris
1338 2388 1416 2437 gene·

319 2455 540 2506 11111111111111.
886 2463 931 2508 rs3
949 2463 1035 2502 uuum,
1052 2449 1148 2510 liguum
1169 2449 1285 2510 plaustri,
1297 2451 1364 2511 qnod
1376 2457 1416 2499 te·

347 2531 362 2566 -Ι
378 2533 484 2582 Plebeiir
492 2530 566 2592 Mis]
589 2529 655 2574 Post
674 2527 759 2586 Reges
770 2537 846 2572 esac-
885 2523 955 2571 moni
966 2521 1119 2586 subjicitur;
1137 2521 1201 2570 illud
1219 2521 1253 2570 ob
1269 2523 1327 2570 tere
1338 2523 1416 2572 delic-

318 2617 370 2672 tos,
382 2615 410 2656 ut
418 2607 508 2670 placet
515 2601 627 2652 Asconio
636 2597 777 2658 Paedianci3
794 2598 847 2660 vel,
886 2605 939 2648 turn
952 2612 1003 2647 uon
1014 2606 1066 2647 tam
1078 2596 1208 2661 supplicii,
1218 2611 1294 2662 quam
1308 2598 1415 2660 ignomi-

318 2689 348 2732 ut
364 2681 503 2745 Dionysio,
529 2685 589 2742 post
610 2676 693 2725 victos
715 2673 750 2724 ab
777 2673 846 2724 Aulo
884 2675 935 2725 niae
957 2689 1034 2726 carisa
1057 2671 1128 2724 serre
1148 2672 1217 2722 servi
1238 2672 1414 2736 cogebantur,

317 2755 468 2804 Postlrumio
490 2755 628 2803 Dictatore
657 2750 772 2812 Latinos,
801 2749 846 2814 qui
885 2751 1020 2814 sunulque,
1038 2759 1066 2799 et
1083 2764 1157 2798 suum
1174 2747 1253 2800 fateri
1269 2756 1416 2813 peccatum,

315 2827 486 2890 Tarquinium
503 2826 644 2876 restituere
671 2826 843 2885 nitebanturr
882 2835 911 2876 et
923 2838 1028 2874 monere
1047 2831 1159 2886 ceteros,
1176 2823 1283 2888 nequid
1294 2823 1377 2874 simile
1388 2824 1415 2874 in

316 2903 358 2952 vel
379 2906 437 2966 post
454 2901 545 2966 plebis,
561 2915 606 2950 sen
624 2901 651 2950 iu
675 2907 786 2950 ruentem
805 2914 845 2949 sa·
885 2916 913 2952 se
925 2901 1101 2952 admitterent.
1135 2901 1356 2964 Alterumlignum
1367 2901 1414 2950 du·

317 2993 398 3041 crum,
417 2983 446 3026 ut
465 2976 603 3039 nonnullis,
621 2991 666 3025 sen
690 2977 716 3025 in
734 2975 845 3025 Aventi·
887 2979 957 3043 plex,
976 2977 1050 3041 crrjns
1070 2977 1097 3026 iu
1115 2977 1201 3026 media
1220 2985 1295 3039 parte
1317 2977 1418 3026 inserto

316 3070 386 3118 num,
407 3061 437 3104 ut
459 3053 525 3116 aliis,
544 3053 722 3114 secessionem,
745 3051 771 3101 bi
792 3051 846 3100 lruli
887 3058 953 3108 callo
969 3056 1009 3106 rei
1030 3055 1120 3106 cervix
1135 3056 1226 3119 laqueo
1247 3055 1413 3118 vinciebatur,

316 3131 427 3182 instituti
435 3137 505 3180 sunt.
538 3129 601 3179 illos
613 3128 646 3178 ab
657 3127 846 3191 AEdilibnsple·
886 3135 927 3184 vel
946 3139 974 3182 ut
994 3132 1027 3181 ed
1045 3131 1201 3194 supplicium
1218 3133 1364 3182 traheretur
1375 3129 1412 3181 fa.

317 3207 356 3255 bis
368 3206 395 3255 in
403 3205 479 3256 Circo
492 3219 539 3269 pel·
548 3204 661 3254 uldnum
670 3203 726 3253 stell
739 3203 843 3263 Livium
885 3207 969 3272 cilius,
987 3209 1071 3258 1111111
1090 3213 1190 3273 tergum
1205 3207 1285 3269 virgis
1302 3220 1413 3258 commo.

314 3283 397 3335 minas
417 3281 521 3345 argenti
537 3282 691 3346 quingentas
707 3281 733 3328 in
751 3281 781 3328 iis
798 3280 844 3327 im·
885 3283 942 3334 dius
961 3284 1099 3348 preberet.
1132 3282 1249 3332 Tertium
1267 3282 1350 3333 furca
1370 3297 1414 3348 ge·

315 3357 562 3422 pendiDionysius;
581 3355 737 3418 epulumque
750 3355 845 3417 populo
884 3375 932 3408 nus
959 3361 1018 3423 init,
1039 3373 1090 3422 quo
1112 3359 1205 3421 passim
1231 3358 1336 3419 utimur,
1353 3373 1412 3410 curs

316 3434 382 3496 dari,
394 3433 437 3482 alii
449 3437 596 3483 testantur:
616 3431 638 3478 si
649 3430 706 3494 quis
718 3431 792 3494 plura
803 3444 844 3480 re·
884 3434 999 3484 damnavi
1009 3435 1068 3498 gula
1079 3435 1169 3497 laqueo
1180 3431 1317 3495 frangitur.

314 3512 410 3574 quirat,
420 3507 574 3570 Dionysium
590 3505 656 3555 libro
672 3506 783 3569 septimo
799 3520 844 3556 ex·
915 3517 927 3542 ¹²
941 3507 1120 3570 lautianm:
1130 3507 1236 3556 Latinus
1248 3507 1331 3568 Livio,
1342 3507 1411 3556 Plut

316 3591 398 3634 treuro
410 3582 537 3632 consulat.
883 3592 911 3635 et
926 3585 1034 3648 Dionys.
1045 3584 1145 3635 Annius
1158 3583 1302 3641 Macrobio,
1318 3583 1346 3632 Τ.
1358 3582 1410 3632 Au·

307 3704 310 3710 ,
349 3657 461 3707 'Circum
483 3654 639 3719 Flaminium]
673 3656 774 3704 Praeter
794 3656 843 3706 cir·
886 3660 971 3709 tonius
984 3658 1121 3709 Lactantio
1130 3658 1234 3708 dicitur.

316 3747 374 3784 cunr
390 3732 542 3794 Maximum,
561 3739 622 3780 octo
647 3744 773 3778 novemve
794 3731 844 3779 cir·
917 3733 1129 3797 ⁰Proeeolrorem]
1168 3727 1409 3796 1s‚aquofacta

314 3823 359 3858 cos
368 3809 393 3858 iu
403 3807 475 3858 Urbe
488 3805 566 3862 fuisse
578 3803 685 3870 scripsit
693 3805 724 3856 P.
737 3805 843 3868 Victor;
886 3817 974 3860 esseut
1001 3809 1121 3858 ludorum
1138 3807 1266 3872 praeludia
1289 3804 1420 3868 prosim*

314 3881 618 3949 quosisterFlamininm
629 3889 767 3930 numerant
782 3882 844 3931 Plu·
887 3899 936 3950 que
959 3884 1121 3948 saltationes,
1139 3883 1282 3933 Proesultor
1306 3879 1410 3930 diceba·

314 3958 418 4008 tarchus
431 3964 459 4007 et
468 3956 614 4018 Martialis,
632 3957 739 4020 aptatis
751 3957 844 4006 Flami·
886 3968 942 4010 tur:
968 3961 1016 4008 boc
1039 3959 1065 4008 in
1082 3961 1139 4009 loco
1157 3971 1258 4007 serrum
1280 3956 1351 4006 illurn
1369 3957 1409 4006 in·

314 4032 372 4090 niis,
384 4034 428 4082 ubi
439 4034 557 4083 conditus
571 4040 620 4097 est,
630 4033 769 4084 Flaminius
780 4034 843 4084 dici·
885 4035 990 4096 telligit,
1006 4035 1059 4098 qui,
1071 4035 1160 4085 duma
1172 4029 1303 4090 conservis
1323 4028 1408 4095 flagris

314 4112 365 4153 tur.
399 4109 506 4174 Pompre
523 4109 601 4158 totins
620 4116 773 4174 apparatum
800 4123 842 4168 eo,
882 4109 1037 4167 caederetur,
1054 4105 1197 4154 inconditos
1208 4105 1343 4170 clausores,
1354 4123 1410 4170 ges·

315 4191 390 4244 quem
404 4182 479 4238 paulo
491 4188 550 4231 ante
563 4183 626 4242 dixi,
641 4184 709 4232 libro
727 4184 841 4246 pluribus
882 4189 975 4242 tusque
989 4181 1125 4228 indecoros
1142 4177 1234 4228 dabat:
1264 4181 1303 4230 uti
1319 4191 1409 4234 narrat

316 4251 479 4318 persequitur
493 4255 641 4319 Dionysius,
658 4261 739 4307 etrus
751 4264 841 4322 postes
882 4257 991 4314 Dionys.
