3224 5162
318 411 384 478 228
628 423 788 471 raanan
812 422 959 470 naxium
985 423 1059 472 nm,
1075 423 1100 475 1.

317 570 462 638 licentiae
477 565 652 642 vindicari,
682 585 786 648 penca
812 583 913 646 quam
936 563 1087 628 infinitus
1111 570 1231 630 cuncta
1254 565 1408 648 gignendi

318 674 413 737 labor
427 667 602 731 consistit!

362 773 413 834 19.
436 766 524 846 Quae
540 767 619 850 quia
632 783 738 850 supra
752 765 912 828 usitatam
926 764 1092 829 rationem
1107 766 1309 830 excedentia
1329 767 1407 832 atti-

318 873 451 955 gimus:
472 869 640 951 serpentis
664 885 834 950 quoquea
848 865 889 930 T.
906 865 1027 930 Lirim
1049 866 1180 930 cariosa
1206 870 1341 949 pariter,
1366 885 1407 931 ac

315 970 460 1038 facunde
476 969 598 1031 relata⁵
614 966 674 1031 liat
688 965 821 1030 mentio.
864 965 900 1028 Is
915 966 1077 1030 enimait:
1101 967 1157 1030 ‘in
1173 964 1303 1042 Africa,
1317 967 1408 1049 apud

318 1067 555 1153 Bagradam⁶‘
576 1067 708 1144 flumen,
733 1072 835 1130 tantae
847 1066 1088 1147 magnitudinis
1109 1064 1271 1148 anguem‘
1288 1067 1408 1142 fnisse,

316 1179 356 1236 ut
370 1171 467 1236 Atilii
483 1170 604 1251 Reguli
630 1169 816 1232 exercitum
838 1186 902 1231 usu
925 1169 1034 1232 amnis
1048 1169 1255 1251 prohiberet:
1277 1168 1406 1232 multia-

318 1291 382 1356 que
408 1272 572 1336 militibus
596 1271 723 1352 ingenti
748 1289 804 1334 otc
833 1269 1005 1351 correptis,
1034 1269 1262 1351 compluribus
1288 1268 1406 1333 caudae

318 1373 547 1438 voluminibus
562 1372 665 1449 elisis,
690 1391 767 1435 cum
790 1372 930 1434 telorum
950 1371 1047 1454 jactu
1062 1370 1226 1454 perforari
1248 1371 1410 1451 nequiret,

318 1475 363 1538 ad
378 1474 532 1538 ultimum
547 1473 742 1538 balistarum
759 1471 929 1535 tormentis
942 1471 1086 1555 undique
1101 1473 1252 1555 potitam,
1278 1470 1408 1554 silicum

350 1635 364 1670 ὃ
380 1637 427 1685 Illa
436 1635 548 1684 miracala
556 1641 659 1684 nontam
669 1635 784 1684 admirari
794 1635 909 1696 debemur,
925 1650 993 1697 quam
1001 1637 1112 1686 memoria
1122 1640 1236 1693 recolere:
1251 1651 1302 1686 cam
1309 1635 1410 1684 amaram

319 1701 394 1750 malta
403 1700 468 1748 aubia
478 1700 560 1760 ignota
565 1699 624 1762 fieri
633 1713 699 1761 parre
709 1704 826 1762 potestate
836 1703 937 1759 actura,
953 1700 1019 1759 cadat
1029 1701 1129 1764 afflictam
1139 1707 1174 1749 eat
1185 1703 1262 1748 amaia
1271 1702 1408 1762 producere.
1499 1729 1501 1734 ,

346 1773 361 1879 lt
379 1763 496 1819 Quoniam
512 1777 583 1826 capra
599 1763 722 1812 aeratam
738 1763 853 1826 exempta,
868 1777 919 1826 qua
935 1771 1045 1826 mperaat
1062 1779 1099 1826 ea,
1120 1779 1172 1827 qaae
1189 1779 1234 1812 aaa
1247 1765 1316 1812 ealda
1331 1763 1410 1812 eidem

319 1845 345 1879 ao
355 1843 425 1878 emar.

319 1989 462 2052 placet-o
473 1988 536 2036 Vet.
547 1986 671 2036 caricaiter
682 1988 815 2036 ...relatet
827 1986 900 2049 Mog.
909 1987 1000 2036 cariam
1008 1987 1100 2049 pariter
1107 1985 1333 2045 asacaaderelata:
1350 1985 1408 2033 rell·

320 2067 377 2115 quae
389 2066 448 2100 cum
459 2051 548 2100 decem
560 2049 634 2099 codd.
645 2066 672 2100 ac
683 2051 789 2110 facunde
800 2049 898 2100 relata:
915 2051 1088 2100 itomanam
1098 2053 1222 2112 deamptoe
1230 2051 1322 2112 pariter
1336 2065 1364 2098 ae
1369 2049 1413 2109 sa·

316 2117 486 2164 euaderelatoe.
519 2113 585 2164 ‘Sed
597 2115 718 2177 descripta
730 2115 814 2177 glossa
824 2121 864 2163 eat
874 2115 917 2162 τοῦ
927 2117 1009 2165 relata
1016 2131 1026 2172 ,·
1043 2122 1070 2164 at
1079 2115 1128 2164 hoc
1136 2117 1221 2163 verius
1233 2129 1309 2178 quam
1318 2111 1413 2162 relata!

318 2181 476 2229 'romam—ti
493 2179 574 2228 Codd.
586 2179 681 2229 babent
691 2180 839 2240 Bagradam,
851 2179 976 2240 Bagrada,
987 2179 1135 2240 Bagardam,
1145 2178 1185 2226 vel
1198 2179 1320 2238 Bagarda.
1351 2177 1410 2226 Ver.

320 2243 534 2303 omittitaaguem.
567 2243 690 2293 Nonnulli
702 2242 777 2292 codd.
790 2257 848 2291 cam
860 2243 951 2305 copes.
961 2242 1116 2304 prohibuerit.
1150 2241 1247 2290 Postea
1257 2240 1308 2290 dau
1320 2241 1411 2291 Rham.

319 2307 475 2372 compluribus
484 2307 554 2356 etiam
570 2309 651 2356 cauda
669 2306 822 2355 voluminum
839 2305 920 2363 etiaim
936 2303 980 2353 ubi
998 2303 1097 2352 Gudim
1114 2317 1172 2352 eum
1192 2303 1298 2366 Guyeto
1313 2306 1411 2367 mallet,

352 2506 365 2540 ἃ
382 2507 410 2554 Τ.
423 2504 501 2564 lario]
519 2503 582 2550 Cum
593 2501 635 2549 iia
654 2499 781 2562 omnibus,
803 2500 847 2564 qni
917 2497 927 2532 f
940 2499 1059 2563 Anguem]
1075 2500 1117 2550 Ne
1128 2499 1184 2564 quia
1196 2498 1265 2550 forte
1277 2501 1303 2549 in
1314 2516 1344 2549 re
1357 2507 1410 2552 tam

320 2581 458 2630 Romanam
469 2577 612 2638 attigerunt
621 2574 847 2638 historiamlonge
885 2575 948 2624 mira
958 2576 1073 2625 nonnihil
1088 2573 1210 2640 affingere
1221 2577 1353 2626 Valerium
1365 2593 1414 2641 pu·

317 2659 429 2715 praeatct
447 2653 477 2700 T.
496 2649 591 2711 Livius,
607 2650 728 2713 illumque
748 2663 846 2714 eorum,
885 2656 935 2712 tet,
958 2651 1022 2701 libet
1041 2653 1084 2703 bic
1102 2659 1245 2716 auctorum,
1266 2654 1310 2718 qui
1337 2655 1412 2718 hujua

319 2739 377 2787 quae
385 2725 846 2787 Valerioaddimna‚aa=pelaudenrua
886 2727 1013 2790 serpentis
1036 2729 1216 2793 meminerunt,
1239 2731 1316 2778 verba
1333 2731 1413 2779 ascri·

319 2803 460 2860 auctorem,
472 2813 523 2846 non
535 2800 585 2848 erit
597 2801 717 2863 alienam,
729 2809 757 2850 ut
774 2809 847 2866 puto,
886 2797 967 2862 beret
985 2803 1095 2865 primam
1107 2804 1197 2868 Plinii,
1214 2805 1308 2854 deinde
1317 2805 1411 2866 Gellii3

320 2876 423 2940 quando
434 2875 478 2924 ille
488 2873 584 2938 floruit,
602 2877 696 2941 quidve
706 2880 848 2942 scripserit,
888 2883 942 2927 tum
964 2879 1059 2940 Oroaii,
1084 2881 1127 2945 qui
1149 2883 1260 2932 omnium
1282 2882 1411 2931 uberrimo

320 2965 426 3001 monere
445 2958 471 3002 te
489 2952 587 3016 paucis.
620 2953 652 3003 Τ.
665 2953 753 3004 Liviae
765 2955 849 3018 patria
888 2954 946 3014 boc,
958 2954 1079 3020 quicquid
1089 2963 1129 3005 eat
1139 2958 1255 3020 monstri,
1266 2956 1412 3021 descripsit.

320 3026 371 3078 fult
382 3029 537 3090 Patauinum
553 3029 600 3078 aab
617 3028 735 3092 Augusto
746 3030 848 3081 floruit:
888 3029 1157 3082 Pliniurl.v111.c.lt.
1169 3033 1413 3083 ‘Balllatiatormen

321 3103 426 3166 aoriprit
455 3111 515 3167 poat
543 3104 676 3155 Actiacam
700 3106 848 3157 victoriam:
890 3103 1411 3172 tisque,utoppidumaliquod,eapugna·

322 3193 439 3243 annoque
460 3180 554 3229 'liberii
571 3181 670 3244 quinto,
691 3183 778 3230 actalia
796 3195 849 3231 auae
890 3181 1221 3244 taaerpena,12⁰.pcdurn
1237 3182 1412 3245 longitudiuet

321 3257 363 3302 'its
374 3253 446 3304 obiit.
470 3254 584 3318 Reliquit
595 3256 758 3306 historiarum
770 3256 849 3310 libros
887 3253 960 3317 pellis
971 3253 1027 3317 ejua
1039 3255 1200 3320 maxillaque
1211 3271 1292 3321 usque
1309 3258 1342 3307 ad
1357 3257 1411 3308 bel·

321 3330 380 3377 1⁴2.
397 3328 489 3391 quibua
512 3343 554 3377 rea
573 3329 700 3380 Romanas
720 3332 753 3379 ab
776 3331 848 3380 Urbe
887 3329 940 3378 lum
966 3330 1153 3379 Numantinum
1177 3331 1302 3380 duravere
1322 3333 1410 3382 Roma
1491 3347 1503 3358 “

321 3401 429 3451 condita
440 3403 471 3450 ad
483 3411 590 3452 mortem
608 3405 688 3454 Dmai
698 3406 848 3456 Germanici
887 3403 1038 3467 intemplo!
1053 3404 1413 3472 Gellias1.v1.c.a.‘Eumqae

322 3477 471 3540 complexae
483 3484 539 3526 eat:
557 3493 590 3526 ex
609 3486 649 3529 tot
668 3482 797 3544 tantisque
818 3482 847 3531 li·
887 3493 979 3540 magna
991 3479 1073 3528 totius
1081 3479 1212 3529 exercitur
1221 3479 1413 3533 conflictatione

321 3552 375 3601 bria
386 3558 633 3615 aupersunttautum
644 3559 684 3605 35.
694 3557 770 3604 decan
779 3557 848 3604 enim
888 3553 996 3602 ballistia
1009 3561 1086 3618 atque
1098 3556 1238 3620 catapultis
1255 3557 1300 3608 dia
1315 3572 1413 3621 oppug-

322 3630 445 3692 aecanda,
461 3639 609 3694 ceteraeque
621 3647 636 3680 a
646 3632 713 3680 libro
724 3637 764 3680 45.
781 3630 847 3693 iuju·
887 3635 986 3691 natum,
998 3629 1104 3694 ejusque
1113 3630 1248 3683 interfecti
1258 3635 1358 3694 longum
1370 3643 1413 3679 co·

321 3706 361 3754 ria
393 3713 536 3768 temporum
565 3706 677 3754 maximo
715 3705 848 3754 literarum
888 3704 953 3754 rium
965 3705 1045 3767 pedes
1058 3711 1114 3758 12⁰.
1132 3708 1239 3758 Romam
1255 3707 1353 3756 miricae
1370 3719 1409 3754 re·

321 3780 415 3829 damno
427 3781 575 3844 perierunt:
592 3795 742 3845 carumque,
752 3788 849 3843 praeter
888 3776 941 3827 fort
958 3779 1077 3830 Tubero!
1110 3781 1219 3831 Orosius
1237 3780 1280 3828 lib.
1296 3791 1335 3826 tv.
1351 3791 1375 3829 c.
1386 3784 1411 3830 8.

322 3862 484 3919 argumenta,
509 3869 566 3919 quae
595 3855 701 3905 Liviana
728 3857 849 3919 Epitome
888 3854 941 3903 ‘In
959 3855 1098 3906 vindictam
1119 3856 1215 3906 Africa
1229 3860 1290 3901 nata
1306 3865 1412 3916 serpena

322 3929 497 3993 continentur,
518 3936 635 3994 cuperent
654 3930 790 3980 admodum
811 3931 848 3981 ni·
889 3933 1101 3983 maltoamilitnm
1120 3933 1291 3980 Romaaomm
1306 3926 1412 3978 devora·

324 4003 371 4052 bil.
889 4007 935 4068 vit,
952 4006 985 4055 ad
997 4021 1073 4069 qaam
1083 4001 1278 4066 expugnandam
1296 4001 1412 4066 Regulus

354 4081 366 4106 ‘
382 4077 532 4142 Bagradam]
548 4081 675 4144 Fluvium,
690 4082 735 4145 qui
752 4089 849 4145 praeter
888 4095 945 4128 cum
956 4082 1072 4128 exercitu
1084 4077 1212 4140 protectus
1223 4085 1279 4127 cst:
1298 4079 1343 4128 aed
1359 4095 1412 4130 om·

323 4146 431 4196 Uticam
444 4153 546 4214 labitur,
568 4161 597 4204 et
615 4156 695 4205 distat
712 4159 752 4204 8⁰·
768 4154 849 4206 millia
887 4153 914 4202 ni
927 4155 1100 4204 teloramictu
1117 4155 1143 4202 ia
1162 4152 1243 4216 ipsius
1253 4163 1357 4220 tergum
1377 4161 1412 4207 ir·

323 4228 645 4292 paaaaamacarttmgtnc.
889 4227 949 4290 rito,
971 4239 1029 4291 qna
1053 4243 1101 4293 par
1125 4230 1279 4283 horrendam
1298 4249 1412 4299 aquama-
