3214 5170
502 444 584 494 cae.
601 442 659 493 ru.
683 443 732 491 na
756 441 976 492 rauranum.
1217 429 1284 495 367

193 587 262 651 mul
276 594 314 651 et
337 586 604 670 desperationem
629 585 799 650 tormentis
815 586 996 669 quicquam
1017 604 1061 648 ex
1085 604 1121 649 se
1143 606 1284 668 cognos-

194 687 291 752 cendi
319 686 494 762 excussit,⁸
517 693 549 751 et
577 686 779 769 expetendae
809 687 928 768 populi
958 686 1102 750 Rumam
1128 681 1288 754 amicitiae'

194 805 348 868 magnam
368 787 588 868 cupiditatem
610 785 827 866 ingeneravit.
871 785 924 849 Ac
949 805 1002 862 ne,
1026 785 1126 867 plura
1147 786 1287 870 hujusce

195 889 324 968 generis
339 887 494 969 exempla
507 886 598 950 domi
612 884 815 962 scrutando,⁹
837 888 963 968 saepius
987 887 1029 951 ad
1052 888 1201 971 civilium
1215 889 1287 954 bel·

195 986 300 1050 lorum
316 986 550 1052 detestandam
564 981 760 1056 memoriam
775 986 926 1068 progredi
942 1007 1054 1070 cogar,
1069 989 1201 1053 dnobus
1215 989 1288 1058 Ro·

196 1105 365 1151 manornm
380 1086 544 1170 exemplis
560 1093 747 1164 contentus,
764 1107 840 1171 quae
856 1093 892 1152 ut
911 1089 1171 1154 clarissimarum
1191 1089 1290 1153 frami-¹

195 1185 314 1251 liarum
336 1187 663 1264 commendationem,
690 1188 745 1251 ita*
768 1187 892 1250 nullum
919 1189 1090 1270 publicum
1118 1208 1289 1255 maerorem

197 1288 374 1367 continent,
389 1294 526 1377 externa
540 1289 759 1356 subnectens

647 1491 842 1546 exremis.

208 1627 211 1632 '
237 1627 273 1691 Al.
295 1625 444 1690 Vetusto
460 1625 671 1692 Macedoniae
685 1621 778 1692 more
800 1627 869 1708 regi
884 1623 1076 1698 Alexandro
1091 1627 1293 1693 nobilissimi

199 1727 293 1811 pueri
313 1735 439 1810 praesto
463 1735 554 1793 erant
579 1729 792 1794 sacrificanti.
837 1729 867 1792 Ε
893 1727 1019 1811 quibus,
1037 1746 1123 1791 unns
1137 1730 1294 1806 xturibulo

203 1834 366 1910 arrepto¹0
394 1818 591 1912 anteipsnm
608 1832 727 1907 astitit,
743 1831 778 1893 in
794 1830 890 1912 cnjus
905 1829 1041 1894 brachio
1057 1829 1159 1893 carbo
1175 1828 1295 1892 ardeus

201 1927 356 2009 delapsus
371 1935 443 1992 est:
467 1949 535 2012 quo
550 1931 616 1992 etsi
630 1930 678 1992 ita
692 1929 860 2004 urebatur,
875 1935 915 1991 ut
930 1927 1042 1991 adusti
1057 1928 1206 2010 corporis
1221 1927 1295 2010 ejus

202 2026 286 2090 odor
299 2026 342 2090 ad
358 2029 641 2092 circumstantium
655 2047 752 2091 nares
768 2028 963 2110 perveniret,
977 2034 1088 2093 tamen
1102 2034 1134 2092 et
1148 2026 1296 2092 dolorem

203 2127 335 2190 silentio
350 2127 482 2210 pressit,
497 2134 532 2191 et
542 2127 714 2191 brachium
727 2127 898 2191 immobile
914 2127 1030 2205 tenuit,
1044 2147 1086 2190 ne
1098 2126 1297 2192 sacrificium

203 2225 388 2293 Alexandri
417 2234 476 2291 aut
502 2245 670 2290 concusso
680 2233 704 2264 ¹¹
728 2226 876 2291 turibulo
904 2227 1098 2310 impediret,
1121 2233 1179 2292 aut
1204 2227 1296 2292 edito

202 2329 329 2410 gemitu
344 2327 454 2409 regias
467 2339 564 2392 ‘aures
576 2327 798 2409 aspergeret!
842 2325 921 2390 Rex
937 2335 1110 2410 quoqne,¹²
1134 2327 1298 2410 patientia

202 2429 298 2512 pueri
311 2429 416 2511 magis
432 2419 629 2505 delectatus,
655 2427 719 2491 hoo
742 2427 863 2492 certius
887 2428 1143 2510 perseverantiae
1166 2429 1298 2510 experi-

203 2535 347 2596 mentum
361 2547 490 2592 sumere
504 2527 633 2593 voluit:
656 2528 810 2592 consulto
832 2528 919 2591 enim
944 2527 1144 2593 sacrificavit
1159 2526 1298 2606 diutius,

204 2650 267 2695 nec
282 2631 345 2695 hac
359 2649 394 2692 re
408 2648 485 2692 eum
500 2646 520 2690 a
540 2630 715 2710 proposito
730 2627 865 2712 repulit.
909 2627 947 2692 Si
960 2627 1038 2693 huic
1053 2629 1212 2694 miraculo
1228 2629 1299 2694 Da·

205 2730 276 2792 rius
299 2727 492 2792 inseruisset
514 2728 655 2805 oculos:
675 2729 807 2808 scisset,
834 2728 908 2812 ejus
929 2730 1042 2813 stirpis
1065 2730 1188 2795 milites
1211 2729 1300 2795 vinci

239 2951 252 2985 ἃ
269 2951 318 3001 Aut
329 2966 397 3000 aures
410 2949 483 3012 aega
493 2950 669 3015 obtundentes·
677 2953 792 3014 geneum
803 2954 890 3002 ederae

210 3019 215 3023 '
240 3022 251 3084 ἢ
266 3015 295 3066 Si
305 3016 400 3066 Durius
409 3016 566 3080 conspexisset
576 3017 619 3066 hoe
627 3017 749 3080 patientie
759 3019 905 3066 miraculum.

661 3171 841 3192 WWO

208 3278 293 3330 reolus
303 3277 375 3328 malit
385 3277 493 3342 acuar,
502 3279 570 3342 qnod
582 3279 608 3327 in
619 3278 772 3343 quibasdam
783 3277 847 3327 Mas.
858 3276 995 3328 iuvenitur.
1023 3277 1089 3329 Mihi
1099 3276 1203 3328 ramat
1213 3290 1303 3327 verum

208 3342 328 3394 videtur?
347 3344 476 3406 napa-a
491 3343 656 3394 veterarum
666 3344 865 3392 scrutanda—lt
881 3343 925 3391 lta
935 3342 1012 3405 Pigb.
1022 3357 1056 3392 ex
1074 3341 1149 3392 codd.
1166 3342 1229 3404 suis,
1244 3356 1303 3391 cum

208 3407 281 3456 Vett.
293 3413 322 3457 et
332 3407 427 3470 copes.
437 3406 596 3464 habuissent,
613 3413 724 3470 παρίω·
741 3407 779 3456 ita
790 3419 892 3471 qnoque
903 3407 1001 3459 Braud.
1015 3410 1039 3456 l.
1050 3411 1074 3456 2.
1093 3413 1121 3457 et
1131 3407 1212 3456 ceteri
1226 3405 1302 3456 codd.

209 3471 398 3534 mereshem.
416 3475 440 3522 a.
459 3471 504 3535 qai
522 3471 600 3521 habet
617 3477 731 3534 coneptu.
765 3472 829 3519 Mox
847 3469 940 3533 Ultraj.
959 3475 982 3521 2.
1002 3476 1029 3520 et
1043 3471 1116 3534 Meg.
1131 3470 1237 3534 perstitit
1256 3483 1304 3533 pro

140 3541 142 3549 '
209 3537 306 3594 astitit5
322 3535 395 3585 Laid.
406 3539 429 3584 3.
441 3535 563 3596 prestitit.
594 3536 696 3585 Deinde
708 3535 781 3584 Leid.
792 3539 816 3585 2.
828 3534 921 3597 Copes.
938 3539 966 3583 et
982 3534 1048 3584 Tell.
1065 3535 1102 3584 ito
1119 3534 1307 3584 adprobatam-⁴

211 3603 241 3649 ll
257 3597 302 3648 Sic
313 3613 399 3646 omues
410 3600 475 3648 Mas.
487 3606 515 3648 et
526 3600 598 3662 Mog.
611 3613 660 3648 nee
668 3599 745 3647 aliter
755 3598 817 3648 Vct.
828 3603 855 3648 et
866 3599 937 3662 Lips.
948 3598 1089 3660 Thanneri,
1105 3599 1155 3647 etsi
1165 3597 1304 3647 Turranius

210 3662 292 3724 dicat,
307 3676 385 3711 maes
395 3661 470 3711 editt.
480 3669 577 3725 preter
589 3663 660 3726 Meg.
676 3662 772 3712 babere
789 3676 891 3711 amase.
925 3663 989 3711 Mox
1000 3677 1049 3727 pro
1058 3667 1191 3726 aspergeret
1203 3661 1305 3724 Lipsius

211 3727 294 3789 malit,
308 3729 427 3788 asperaret
435 3741 446 3784 ,·
462 3725 522 3773 libri
533 3734 598 3776 vett.
609 3732 768 3790 exasperaret,
784 3726 913 3788 probante
923 3727 1030 3776 Colere:
1050 3728 1188 3791 Repertus,
1203 3724 1305 3774 writola

211 3797 254 3840 est
264 3788 543 3851 drogamundum
560 3791 640 3851 regios
656 3804 725 3839 aures
741 3794 885 3852 aspergeret,
901 3798 929 3839 ut
940 3790 966 3838 in
978 3790 1051 3839 held.
1065 3796 1087 3838 l.
1109 3790 1134 3837 in
1152 3788 1220 3848 aliis,
1238 3802 1304 3851 spar-

211 3862 294 3915 geret,·
309 3869 375 3903 unus
385 3852 459 3902 Leid.
478 3867 546 3913 reges
561 3857 771 3917 aspergeret-12
787 3853 926 3908 Torrenius
945 3853 1070 3917 conjicit:
1088 3851 1208 3916 Respice.
1240 3853 1304 3901 Mox
1323 3893 1326 3902 .

213 3933 260 3980 pro
270 3919 372 3970 musello
383 3915 477 3967 Colero
489 3918 576 3978 placet
585 3922 703 3979 maraste,
719 3916 882 3979 improbante
894 3916 1015 3980 Kappio:
1029 3917 1149 3981 proposito
1166 3918 1221 3966 sine
1236 3930 1304 3980 pre·

214 3983 342 4044 positione
360 3995 452 4032 novem
471 3981 537 4030 Mas.
559 3981 656 4030 etVet.
672 3987 700 4031 et
717 3981 790 4044 Mag.
823 3979 898 4030 Harl.
920 3980 1034 4045 insuper,
1054 3981 1153 4045 depulit,
1176 3981 1307 4060 probante.

706 4123 813 4174 NOTAE

376 4236 447 4292 iAn.
459 4238 499 4288 M.
509 4241 584 4318 esso,
601 4236 645 4288 Oi·
657 4241 704 4287 lat
726 4242 749 4289 1.
765 4237 830 4290 Ura.
839 4237 869 4292 C.
881 4241 938 4290 aas.
954 4235 1019 4290 Ant.
1027 4237 1074 4290 Cb.
1084 4241 1140 4288 loa.
