3214 5170
479 435 561 495 oar.
577 435 617 483 ιι.
643 433 691 484 nn
714 434 983 485 eonrrrunmn.
1206 404 1275 490 aaa

191 559 235 643 ex
263 576 306 640 iis
331 575 475 640 obscuro
498 574 577 638 loco
602 565 770 657 abjectum
797 577 945 658 corporis
974 577 1114 659 pondere
1135 589 1277 662 urgeret,

190 677 342 762 praeolari
358 676 576 758 operis-socio
589 675 725 758 plagam
740 676 772 739 ei
794 676 913 741 inferre
930 678 1107 755 dubitanti,
1131 699 1183 756 ne,
1197 682 1278 767 dum

191 777 329 860 Magum
342 777 440 860 petit,
460 775 795 858 ipsumlvulueraretj
816 777 889 841 ‘Tu
904 777 1004 854 vero,'
1025 775 1146 861 inquit,
1169 782 1282 850 ‘nihil

193 873 245 945 ‘e‘st
271 878 363 961 quod
392 885 546 960 respectu
577 877 642 940 mei
671 876 828 952 timidius¹
845 878 959 960 gladio
988 879 1116 946 utaris:
1137 882 1191 945 vel
1219 902 1279 966 per

193 987 366 1061 utrumque
385 977 478 1042 illum
502 997 583 1060 agae
604 979 695 1056 lieet,
719 977 798 1040 dum
820 977 876 1041 lrie
891 987 1002 1061 ‚quam
1029 973 1197 1046 celerrime
1220 991 1279 1068 pess

192 1079 303 1148 reat't
782 1135 784 1139 .

235 1183 268 1247 3.
291 1181 370 1244 Hoc
384 1179 473 1244 loci⁷
486 1179 650 1245 Leonidas
666 1180 850 1264 Spartanus
864 1181 988 1246 nobilis
1004 1181 1166 1247 occurrit:
1182 1181 1279 1266 cujus

193 1284 378 1368 proposito,
394 1301 506 1364 opere,
522 1283 627 1359 exitu,
642 1282 724 1347 nihil
738 1283 866 1348 fortius.
910 1282 1002 1347 Nam
1016 1301 1093 1346 cum
1104 1271 1183 1347 coo.
1198 1285 1280 1348 eivi-

192 1383 278 1448 lius⁸
288 1380 299 1420 f
311 1383 403 1466 apud
415 1383 656 1465 Thermopylas
672 1383 733 1446 toti
748 1381 841 1448 Asiae
857 1383 1022 1466 objectus,
1032 1382 1278 1464 gravemillum,

194 1491 231 1550 et
241 1484 323 1548 mari
333 1490 368 1547 et
378 1489 486 1561 terme,
500 1481 664 1559 Xerxem,
676 1501 737 1546 uec
751 1481 940 1564 hominibus
956 1487 1079 1548 tantum
1091 1485 1281 1564 terribilem,

195 1587 257 1652 sed
271 1584 429 1668 Neptuno
440 1602 573 1666 quoque
588 1583 794 1666 compedeS,g
814 1591 849 1648 et
857 1582 954 1648 Coelo
968 1585 1119 1648 tenebras
1129 1586 1283 1650 minitan-

195 1691 272 1764 tem,
288 1683 474 1769 pertinacia
485 1684 615 1749 virtutis
629 1683 673 1748 a'd
687 1684 836 1748 ultimam
848 1681 1135 1768 desperationemh
1148 1686 1282 1769 redegit.

197 1887 508 2016 ‘fflzrltngpzeprerlari
512 1887 631 1949 farinaria
641 1887 712 1950 meio,
720 1888 761 1950 qui
776 1901 823 1936 aon
834 1887 933 1938 audebat
942 1890 1037 1952 prugum
1044 1888 1118 1951 Mago
1128 1886 1246 1955 infligere,
1256 1901 1285 1938 ne

649 2044 823 2065 mmm

199 2157 281 2209 illoc
291 2157 338 2206 loco
348 2162 401 2206 tres
412 2155 488 2205 codd.
504 2156 610 2206 Torreu.
627 2157 760 2220 Spartanus
776 2157 860 2208 nolitia
873 2157 948 2207 codd.
967 2157 1045 2217 Plau.
1062 2164 1090 2207 et
1103 2157 1210 2217 Tora-eu,
1228 2147 1286 2208 eum

198 2220 393 2286 Mog.-8Vet.
410 2219 524 2269 muttum
540 2235 588 2285 pro
604 2221 700 2272 civim
723 2222 824 2271 Deinde
845 2221 919 2271 Harl.
937 2227 964 2270 et
983 2235 1047 2270 uuus
1064 2221 1156 2272 Rhem.
1173 2227 1196 2270 et
1214 2227 1287 2273 terra.

199 2286 283 2336 Paulo
302 2292 370 2349 post,
391 2285 458 2332 Dan.
476 2298 539 2338 unus
559 2285 657 2335 Brund.
674 2287 769 2350 Copes.
787 2287 885 2348 Ultraj.
906 2289 930 2336 2.
949 2286 1028 2336 Bsrb.
1047 2290 1071 2336 l.
1089 2286 1164 2336 [aeid.
1180 2291 1206 2335 1.
1221 2289 1246 2335 2.
1263 2289 1287 2339 7.

201 2351 266 2403 ento
273 2367 284 2410 ‚-
299 2348 367 2398 uude
376 2348 461 2398 Coler.
473 2348 542 2411 eouj.
552 2349 616 2408 coto,
635 2357 664 2396 ur
683 2349 709 2398 in
728 2351 811 2399 altero
826 2349 925 2398 Breud.
937 2356 966 2399 et
978 2350 1071 2412 Ultraj.
1088 2354 1111 2399 1.
1122 2354 1145 2398 et
1155 2350 1289 2398 coloritus

199 2415 347 2464 minitantem
358 2412 384 2460 iu
395 2411 454 2464 eod.
473 2412 532 2461 Pur.
551 2412 619 2475 quod
637 2413 729 2475 Colere
748 2420 775 2462 et
792 2415 916 2464 'l'orrento
933 2415 1035 2479 placen
1052 2419 1075 2464 et
1096 2414 1163 2462 latio
1182 2413 1290 2464 teneam

200 2473 291 2533 Rhem.
309 2482 331 2526 l.
347 2479 371 2525 2.
387 2479 411 2526 ⁸.
428 2482 455 2526 et
473 2476 549 2526 Harl.
563 2481 587 2526 et
607 2478 682 2527 Otrous
699 2479 903 2529 teaetraa'Bitur.
916 2482 940 2528 1.
952 2484 980 2528 et
996 2478 1070 2529 [reid.
1081 2482 1106 2530 ὅ.
1117 2479 1173 2527 otoo
1192 2477 1289 2527 habent

654 2698 656 2703 Ι
693 2619 800 2671 NorAE

199 2731 314 2788 smerdis
329 2730 440 2792 nomine,
450 2731 547 2794 Mergi,
556 2746 632 2795 quem
642 2724 734 2783 frater'
764 2736 822 2784 uui.
836 2734 956 2786 Anacu.
966 2739 1023 2788 5²1.
1099 2775 1101 2780 ,
1281 2781 1284 2788 .

200 2806 339 2869 Cambyses
350 2805 433 2854 occidi
450 2805 572 2869 jusserat,
586 2808 726 2872 tumtunm,
795 2806 806 2842 ¹
826 2810 887 2858 Cum
907 2811 1020 2860 mereatis
1042 2807 1141 2872 οἰυίὺιω]
1174 2807 1292 2860 Adeunt

201 2889 255 2933 tum
266 2883 364 2945 reliquo
375 2883 488 2945 corporis
503 2884 590 2932 habitu
608 2887 726 2948 persimi·
766 2889 896 2946 praeterea
906 2885 996 2935 Greci
1007 2885 1051 2934 alii
1062 2885 1093 2934 ad
1104 2888 1177 2934 59⁰0.
1190 2887 1233 2948 qui
1244 2887 1292 2935 Le·

201 2959 242 3022 lis,
257 2972 373 3012 unacum
384 2955 465 3007 tratre
472 2959 609 3008 Persarum
620 2975 727 3022 regnum
767 2959 849 3008 onidae
861 2960 944 3022 ipsius
959 2975 1036 3009 suasu
1047 2960 1079 3009 ad
1090 2975 1137 3010 sua
1147 2961 1243 3010 tuenda
1253 2960 1292 3010 di·

201 3040 329 3098 ocoupst:
347 3034 475 3098 quodque,
485 3049 533 3083 uec
545 3049 645 3084 exerce
656 3033 727 3085 foras
767 3034 832 3099 lapsi
842 3041 911 3095 suut,
922 3049 956 3083 ex
967 3035 1067 3084 Herod.

201 3109 328 3174 prodiret,
346 3122 396 3158 uec
417 3123 553 3172 procerum
569 3124 726 3175 xquenquam
799 3116 812 3152 ⁸
837 3110 947 3172 Neptuno
974 3108 1103 3172 compedes]
1137 3111 1177 3160 Ex
1199 3108 1293 3173 Abydo

202 3184 369 3246 admitterem
386 3191 486 3249 septem
499 3184 547 3234 riri
559 3185 689 3248 principes
699 3184 724 3234 iu
767 3186 837 3236 Λεία
848 3186 943 3250 oppido
953 3187 986 3236 ad
1003 3185 1104 3254 Sestum
1121 3188 1241 3251 Europre,
1251 3185 1297 3250 qui

202 3273 260 3310 eum
278 3259 421 3322 conjurant,
443 3259 545 3309 irruunt
570 3261 597 3309 in
619 3261 726 3324 regiam,
767 3261 1295 3327 trajectusseptemstadiorumestpoute

203 3333 346 3398 Magosque
358 3333 521 3386 obtruncant.
555 3335 640 3386 Caedis
652 3337 727 3398 ratio,
769 3338 966 3401 Hellespontum
981 3337 1120 3400 junxerat:
1148 3345 1175 3386 at
1191 3341 1296 3401 pontem

202 3409 271 3476 quod
282 3417 309 3460 et
319 3410 346 3460 iu
356 3409 460 3463 destino
473 3409 528 3473 jam
543 3412 674 3473 explicata
684 3411 728 3473 sir,
768 3414 845 3479 paulo
856 3419 914 3475 post
925 3419 1017 3461 exorta
1029 3418 1169 3478 tempestas
1181 3410 1295 3474 disjecit:

204 3493 231 3536 et
243 3486 318 3535 aliter
329 3485 361 3535 ab
368 3485 513 3552 Herodoto,
524 3487 599 3537 aliter
614 3487 729 3536 eclesie
770 3489 838 3554 qnod
856 3503 914 3538 eum
932 3489 1033 3538 Xerxes
1049 3485 1131 3537 ferret
1147 3488 1250 3552 aegrius,
1269 3495 1297 3538 et

206 3567 335 3623 narretur,
345 3576 358 3609 a
370 3561 445 3610 uobis
462 3561 607 3611 omittitur:
630 3562 681 3611 duo
693 3563 731 3613 tri·
771 3564 873 3629 pelago,
889 3577 938 3628 quo
949 3561 1010 3627 quid
1021 3562 1124 3612 stultius
1135 3561 1198 3626 fingi
1209 3562 1298 3626 possit,

205 3649 274 3702 meu,
295 3651 353 3700 quae
372 3651 423 3686 uon
445 3651 517 3701 aque
536 3637 651 3686 omuibus
671 3645 732 3688 nota
772 3646 890 3688 trecenta
901 3635 980 3701 infligi
994 3638 1111 3703 verbera,
1123 3639 1187 3688 etin
1202 3635 1297 3687 fluetus

206 3720 277 3774 suut,
298 3718 325 3762 te
347 3711 469 3761 monitum
493 3712 586 3762 velimr
614 3714 732 3776 alterum,
772 3729 820 3779 pur
830 3715 983 3778 compedum
993 3713 1071 3776 dejici
1079 3713 1167 3776 jussit.

205 3790 297 3840 mirum
315 3801 371 3838 esse
384 3786 460 3849 'apud
479 3787 651 3850 Herodotum,
670 3788 731 3839 cte·
803 3787 945 3840 hUltimum
962 3788 1157 3852 desperatorum]
1182 3788 1298 3842 Victis·

206 3867 271 3916 siam
289 3869 316 3912 et
333 3863 464 3914 lustinum
486 3862 566 3912 caedis
581 3863 656 3913 unius
675 3871 732 3913 tan·
774 3864 888 3914 Leonida
905 3864 1014 3928 primum
1032 3862 1126 3927 Medis,
1137 3863 1231 3912 deiude
1243 3863 1297 3913 Cis·

207 3949 262 3992 tum
272 3940 345 4002 Magi
364 3938 521 3986 mentionem
532 3937 597 3998 lieri,
613 3952 671 3987 eum
682 3939 733 3988 duo
774 3939 886 4000 silatum
901 3938 942 4001 iis,
953 3953 1015 4002 quos
1026 3937 1181 3988 immortales
1193 3939 1297 4000 vocant,

207 4023 293 4077 tamen
310 4013 422 4074 fueriut3
450 4013 568 4074 alterum,
584 4013 652 4062 diem
663 4014 733 4064 illam
773 4019 860 4064 tantus
870 4015 985 4063 Xerxem
996 4013 1102 4063 incessit
1113 4028 1202 4078 pavor,
1217 4019 1247 4062 ut
1256 4020 1298 4063 ter

208 4091 302 4140 exinde
312 4086 457 4153 μαγοφονίαν
472 4088 548 4150 vulgo
560 4087 654 4137 dictam
666 4091 733 4153 esse,
774 4088 863 4137 esolio
880 4088 913 4138 ad
930 4079 1215 4153 capessendam'iugam
1231 4087 1300 4140 desi-⁴

202 4171 260 4229 rjus
268 4167 353 4228 Magis
362 4167 388 4215 in
401 4164 532 4229 publicum
540 4163 644 4228 prodire
653 4164 734 4217 nefas.
775 4161 844 4214 liisse
855 4163 967 4214 dicatur.

243 4237 317 4296 tAua
329 4241 366 4292 M.
377 4245 450 4292 stae.
479 4231 734 4292 Ol.dd·³.Urb.C.
