3386 5262
400 377 475 448 ot,
722 385 725 389 ·
786 391 835 442 nn
858 389 1102 440 romanorun

397 539 497 596 omrai,
515 540 567 584 tras
578 533 616 582 llll
636 531 790 596 superstites
806 530 927 597 iuemnt,
963 537 1086 598 quntum
1096 533 1245 596 elementia,
1256 534 1491 600 temperantis,ee·

398 597 577 670 iiermnlonr,
593 609 676 670 Livia,
693 623 738 658 seu
754 608 927 673 initiumque
964 610 1026 660 teris
1036 608 1109 660 bonis
1118 608 1218 659 artibus
1228 609 1411 672 prestitisset!

397 687 486 736 Druso
504 683 605 733 Tiberii
622 683 676 734 lilio
695 684 792 749 nupsit,
805 690 834 735 et
852 684 928 734 Clau·
996 684 1074 734 Calos
1085 685 1173 735 caesar
1184 698 1200 733 a
1210 683 1317 733 militari
1331 685 1490 736 calceameu-

398 760 455 809 dins
467 763 560 823 postet
571 759 768 825 Imperator‚da
784 773 837 826 qao
847 760 927 825 paulo
965 766 993 809 to
1004 759 1122 823 Caligula
1132 758 1230 820 dietus,
1248 757 1404 808 Germanico
1415 765 1443 810 et
1454 759 1491 810 A·

400 842 468 898 post.
964 835 1084 899 grippina
1104 835 1216 898 genitur,
1232 832 1337 882 'liberio
1356 835 1492 886 surressit.

429 909 927 974 GermanicusdnplieiConsulatusuao
963 911 1090 975 Princeps
1098 906 1490 972 erudelitate,libidlne,etmul-

397 989 454 1036 roo.
473 993 501 1037 et
516 991 575 1038 llll.
591 988 721 1050 triumpho
737 987 770 1038 de
788 987 926 1038 Cheruscis
964 986 998 1036 tis
1008 986 1077 1036 vitiis
1088 983 1210 1045 iniamis3
1222 990 1282 1048 post
1293 983 1431 1034 exhaustas
1442 984 1489 1034 ius·

398 1062 494 1126 olsror,
508 1063 557 1112 sed
574 1063 674 1113 eximiis
690 1061 827 1113 virtutibus
843 1062 925 1110 multo
964 1075 1065 1112 mensas
1084 1074 1158 1126 opes,
1182 1075 1240 1109 oum
1260 1065 1422 1122 grassaretur
1444 1073 1492 1123 per

397 1137 497 1199 olarios,
522 1153 538 1188 e
562 1138 710 1196 Germania,
738 1137 783 1186 nbi
812 1135 925 1186 maxima
963 1133 1080 1187 ordinum
1117 1138 1229 1186 omnium
1261 1135 1357 1199 redes,
1388 1141 1416 1184 et
1444 1149 1494 1199 pro

398 1213 467 1264 bella
484 1212 598 1265 feliciter
613 1213 775 1274 coniecerat,
793 1212 926 1263 a'l'lborio
963 1214 1024 1266 Deo
1039 1213 1090 1264 ooli
1108 1227 1135 1262 se
1154 1219 1210 1262 toto
1226 1211 1289 1261 orba
1307 1219 1433 1261 terramm
1446 1211 1491 1274 ju·

398 1287 425 1339 ia
437 1287 573 1338 Orientem
590 1289 690 1347 miram,
703 1289 752 1338 Cn.
768 1286 881 1351 Pisonis,
897 1295 927 1338 ut
962 1287 1073 1352 beret,a
1083 1288 1198 1351 Chaerea,
1214 1285 1323 1350 aliisque
1333 1283 1491 1336 interiectus

399 1369 455 1413 tsrss
465 1365 544 1428 vulgo
555 1363 682 1415 creditum
699 1371 749 1426 eat,
765 1363 863 1414 scelere
873 1362 928 1414 Aa·
965 1370 1016 1413 aet.

398 1439 591 1503 tioobiesyria·
600 1439 768 1504 extinguitur.
785 1438 928 1504 Exdgrip·
998 1436 1120 1488 claudias
1129 1437 1199 1488 Nero
1208 1435 1263 1486 Caii
1274 1439 1381 1499 patrum
1390 1441 1418 1486 et
1427 1435 1493 1486 (ler-

401 1515 465 1577 pius
478 1516 519 1566 Μ.
530 1515 656 1581 Agrippae
672 1522 701 1566 ot
716 1516 794 1569 iulio
804 1514 857 1566 fllia
874 1524 927 1567 tres
965 1512 1059 1564 manici
1079 1511 1171 1574 frater,
1192 1521 1252 1578 post
1268 1512 1359 1563 Caium
1378 1512 1492 1576 Imperio

399 1588 527 1654 fominus,
539 1592 700 1656 totidemque
710 1605 796 1642 meree
806 1593 928 1643 sustulita
965 1588 1088 1654 prefuit,
1102 1591 1177 1640 bomo
1199 1596 1293 1638 natura
1314 1588 1419 1640 minime
1437 1605 1491 1639 ma·

399 1663 461 1714 filie
472 1665 740 1732 fneruutAgrippins,
757 1669 868 1719 Neronia
877 1669 929 1719 Im·
965 1664 1017 1726 lus,
1026 1664 1073 1715 red
1084 1677 1173 1715 vecors
1184 1679 1215 1714 ao
1223 1665 1342 1727 stolidus,
1352 1665 1397 1730 qui
1408 1665 1494 1716 omnia

400 1743 527 1806 peratorir
548 1758 582 1793 ex
602 1744 716 1794 Domitio
736 1751 837 1806 metm
859 1746 928 1796 Dru.
967 1753 1014 1803 pro
1028 1739 1187 1798 ,libertorum
1204 1746 1233 1789 et
1242 1735 1494 1790 servorum'libidine

400 1817 468 1879 ailla,
483 1818 573 1868 Caesio
591 1819 718 1883 Longino,
735 1825 762 1868 et
779 1819 872 1869 Lirilia
888 1821 928 1870 M.
967 1815 1065 1879 gessise
1087 1815 1246 1886 Britanniam
1266 1814 1375 1877 domuit,
1395 1816 1494 1864 Messa·

399 1892 503 1942 Viuieio
522 1900 617 1957 napta:
634 1893 681 1944 filii
692 1909 753 1944 vero
765 1895 848 1958 Nero,
858 1896 928 1945 Dru·
967 1892 1044 1942 linem
1054 1905 1159 1942 uxorem
1171 1891 1204 1940 ob
1213 1884 1494 1955 atnprsneeari'Jnssit,

400 1981 453 2030 rna,
469 1975 497 2018 et
514 1968 601 2030 Caius,
615 1971 692 2034 vulgo
704 1970 821 2034 Caligula
835 1971 929 2023 dietus.
967 1966 1097 2031 ductaque
1115 1966 1261 2031 Agrippina
1273 1973 1362 2030 nepte,
1375 1965 1443 2016 illius
1460 1979 1494 2016 ea

400 2043 472 2094 Nero
491 2042 586 2094 Julium
604 2044 701 2095 Tiberii
718 2059 751 2094 ex
768 2046 854 2097 Druso
875 2046 930 2098 tilio
967 2043 1085 2092 Domitio
1102 2040 1182 2092 filium
1198 2042 1343 2104 Neronem,
1359 2042 1496 2106 preterito

401 2125 524 2181 neptem
541 2121 642 2171 Drusus
658 2120 785 2171 AEmillam
804 2121 929 2186 Lepidam
967 2115 1019 2168 iilio
1030 2118 1182 2168 Britannico
1193 2117 1240 2168 sibi
1251 2131 1425 2168 successorem
1436 2118 1496 2172 dea·

401 2208 508 2244 uxorem
519 2195 607 2246 duxit:
626 2196 673 2246 sed
683 2207 793 2262 uterque
801 2198 856 2247 sine
865 2197 930 2247 libe·
968 2195 1078 2255 tinavit;
1090 2201 1117 2244 et
1128 2193 1207 2258 paulo
1224 2203 1283 2256 post
1299 2207 1398 2243 ueneno
1409 2195 1495 2244 subla·

401 2271 436 2320 ris
447 2271 577 2322 a'l'lberio
588 2272 654 2322 alius
671 2273 722 2321 alio
734 2271 934 2335 temporefame
968 2275 1010 2317 tus
1025 2276 1075 2328 est,
1093 2282 1150 2316 eom
1168 2267 1347 2318 Britannicum
1366 2277 1394 2318 et
1412 2270 1495 2319 Oete·

401 2352 569 2396 necatorem.
968 2341 1033 2389 riam
1045 2354 1079 2388 ex
1089 2341 1231 2390 Messalina
1242 2341 1334 2390 liberos
1344 2341 1461 2400 baberet

431 2419 581 2483 ptumam
593 2418 740 2469 flammei
752 2419 861 2468 virtute,
871 2432 928 2481 per.
998 2413 1127 2463 Domitius
1140 2416 1213 2464 Nero
1229 2431 1246 2465 a
1262 2417 1371 2467 Claudio
1383 2418 1493 2482 adopta-

402 2495 520 2559 sequitur
537 2496 643 2544 Tacitae
660 2493 753 2544 Annal.
771 2507 803 2543 rr.
819 2508 878 2557 cap.
888 2497 929 2544 72.
967 2495 1009 2538 tus
1021 2487 1095 2537 initio
1107 2487 1145 2537 sie
1163 2489 1244 2552 gessit
1254 2488 1405 2553 Imperium,
1415 2501 1445 2542 nt
1456 2495 1495 2544 iu·

401 2571 409 2598 ⁸
421 2569 560 2620 ladolnere
581 2576 679 2618 exterae
701 2568 818 2618 nationes
842 2581 929 2632 reges·
970 2571 1014 2614 ter
1024 2563 1105 2613 bonor
1116 2563 1253 2628 Principes
1263 2565 1353 2616 lraberi
1363 2570 1497 2630 petaeritt

398 2657 471 2707 que:
498 2649 571 2692 tanta
592 2642 631 2692 illi
657 2641 766 2692 comitas
792 2643 819 2691 in
841 2643 933 2703 socios,
967 2640 1391 2707 possesarislicemiacorrupms
1407 2642 1499 2696 inom-

401 2718 574 2766 mansoetudo
597 2718 623 2766 ln
643 2717 750 2767 lrostes:
774 2717 882 2782 visuque
904 2724 933 2767 et
968 2717 1011 2765 nia
1022 2715 1158 2780 probrare
1169 2717 1299 2769 dedecora
1310 2720 1378 2782 rnit;
1388 2729 1497 2776 matreni

401 2791 493 2840 auditu
513 2794 590 2854 juxta
606 2793 773 2855 uenerabilis,
789 2807 847 2844 oum
865 2809 934 2858 mag·
969 2791 1153 2856 Agrippinam,
1182 2808 1273 2845 uxores
1305 2796 1444 2848 Octaviam
1470 2807 1499 2850 et

401 2866 546 2918 altudinem
558 2874 586 2918 et
599 2869 755 2933 grauitatem
767 2869 933 2920 snmmoefor·
970 2867 1124 2930 Poppaeam,
1148 2869 1273 2919 Senecam
1296 2872 1501 2940 Preoeptorem,

402 2947 472 2992 trine
486 2943 624 3009 retineret,
638 2945 760 2996 invidiam
771 2952 799 2996 et
814 2960 934 3010 arrogan-
971 2943 1087 3006 aliosque
1109 2948 1264 3008 cognatione
1281 2949 1411 3011 proximos
1422 2967 1499 3001 neca·

401 3019 465 3068 mm
488 3017 628 3084 effugent,
662 3023 699 3070 Et
720 3029 796 3072 emt
816 3024 860 3087 qui
881 3021 934 3073 for.
970 3020 1090 3069 uitetum
1101 3020 1198 3070 invisus
1209 3023 1326 3074 omnibus
1337 3039 1395 3075 eum
1410 3028 1442 3076 ad
1455 3043 1499 3078 ne·
1583 3035 1594 3044 '

401 3107 481 3157 mem,
493 3102 610 3158 aetatem,
622 3111 701 3161 genna
718 3099 819 3161 mortis,
830 3098 863 3147 ob
874 3113 934 3162 pro.
972 3108 1029 3144 cem
1041 3105 1209 3160 quereretur,
1227 3098 1254 3148 in
1271 3107 1355 3150 semet
1371 3103 1499 3154 carnificis

401 3171 574 3234 pinquitatem
584 3173 662 3221 etiam
672 3175 798 3232 locorum,
806 3174 832 3220 iu
841 3174 933 3236 quibus
971 3168 1083 3220 officium
1094 3172 1241 3234 occupavit.

398 3244 510 3306 interiit,
521 3245 611 3307 Magni
627 3243 772 3294 Alexandri
790 3244 852 3294 fatis
863 3247 931 3297 adse·
1005 3245 1128 3296 Quamvis
1137 3245 1344 3308 apudValerium
1355 3249 1498 3305 Maximum

399 3328 529 3380 quarent;
547 3335 605 3370 nam
618 3326 755 3383 utrumque
770 3334 878 3382 corpore
888 3322 934 3372 de·
970 3322 1041 3371 nulla
1060 3321 1126 3384 Caii,
1138 3321 1248 3384 Claudii,
1263 3331 1292 3372 et
1303 3323 1416 3375 Neronis
1426 3343 1498 3377 men·

290 3442 292 3446 ,
398 3407 587 3456 cormponere
607 3394 713 3456 insigni,
735 3393 802 3442 bend
825 3396 934 3451 maltum
971 3398 1067 3458 tioalt;
1090 3411 1147 3447 oum
1165 3405 1252 3446 tamen
1271 3404 1299 3447 et
1313 3399 1400 3450 Rome
1412 3416 1498 3454 rernm

398 3468 509 3528 triginta
521 3481 601 3517 aanor
617 3481 762 3528 egressum,
778 3482 883 3518 suorum
895 3474 934 3522 in·
971 3472 1049 3536 potiti
1060 3472 1120 3533 sint,
1132 3477 1159 3521 et
1170 3471 1203 3520 ad
1216 3481 1322 3534 gentem
1332 3475 1429 3528 iniiam
1440 3491 1499 3542 per·

393 3538 469 3587 sidiis
481 3547 604 3592 externas
612 3541 681 3590 inter
689 3549 782 3603 gentes
789 3544 933 3610 oeeidias03
972 3549 1084 3609 tineam,
1093 3560 1144 3597 aon
1161 3547 1271 3598 alienum
1289 3547 1347 3600 iore
1363 3555 1462 3616 putavi,
1475 3554 1498 3602 si
1595 3581 1605 3593 ι

390 3612 440 3661 aed
456 3613 527 3662 larino
545 3617 634 3665 mitem
652 3628 716 3676 erga
734 3615 933 3679 amioos,modi-
969 3623 1003 3672 de
1013 3623 1069 3673 aliis
1084 3625 1142 3674 hee
1152 3638 1235 3687 pauca
1246 3626 1380 3691 adderem,
1389 3640 1498 3692 qaorum

374 3700 455 3768 ,0⁰¹2
463 3688 626 3752 voluptatum
635 3702 685 3738 uno
695 3690 866 3754 matrimonio,
874 3709 933 3744 eer·
970 3698 1047 3748 eiiam
1068 3698 1177 3762 effigiem
1206 3715 1222 3748 ι
1240 3701 1364 3754 Suetonio
1389 3717 1495 3767 expres·

383 3759 421 3841 tia
435 3759 533 3810 liberis
545 3764 645 3826 egisse:
662 3777 747 3827 neque
765 3765 848 3816 minus
859 3782 930 3831 prse-
968 3786 1024 3822 ssm
1041 3775 1083 3824 hio
1103 3774 1233 3838 subjicere
1251 3777 1354 3830 libitam
1372 3786 1430 3839 ert;
1447 3781 1499 3844 pri·

377 3829 527 3897 lretorem,
543 3839 644 3889 etiamsi
661 3840 794 3890 temeritas
804 3843 929 3911 abluerit,
968 3862 1040 3899 mum
1053 3849 1120 3913 Caii,
1130 3851 1225 3902 deinde
1235 3854 1344 3917 Claudii,
1353 3862 1406 3905 tum
1414 3857 1498 3908 Neru-

370 3909 605 3989 prffpeditnsqne
616 3914 651 3964 sit
666 3915 797 3976 perculsas
815 3925 856 3969 tot
874 3921 929 3971 vie·
966 3921 1017 3973 rtis.

367 3982 463 4025 rorrrs
492 3983 646 4037 Germanias
669 3989 773 4039 servitiu
795 4007 926 4054 premere.
1000 3997 1102 4050 ‘Gaias
1123 4007 1223 4051 statura
1243 3987 1295 4050 init
1316 4004 1439 4057 eminenti
1455 4022 1498 4058 ex·

360 4047 464 4097 Quod
486 4055 508 4101 si
525 4061 593 4108 solas
610 4062 709 4111 arbiter
723 4077 818 4129 rerum,
830 4069 850 4116 si
858 4069 926 4130 jure
964 4073 1069 4131 pallido
1080 4078 1178 4137 colore,
1196 4091 1304 4140 eorpure
1322 4085 1430 4148 enormi,
1442 4100 1499 4148 gra·

353 4121 392 4162 et
408 4125 533 4174 nomine
549 4133 620 4192 sepio
636 4132 738 4198 fuisset,
751 4145 823 4188 tanto
834 4155 924 4200 prom·
967 4144 1075 4198 uilitate
1092 4151 1203 4202 maxims
1220 4154 1328 4205 ceruleis
1347 4166 1374 4209 et
1385 4174 1498 4224 crurum,

348 4188 425 4244 cist·
449 4207 633 4252 assecuturum
653 4207 756 4266 gloriam
769 4211 922 4278 militarem,
963 4223 994 4268 ei
1022 4224 1107 4275 oeulis
1135 4233 1164 4275 et
1186 4229 1343 4293 temporibus
1367 4237 1499 4300 tenearis,
