<?xml version="1.0" encoding="UTF-8"?>
<!DOCTYPE html PUBLIC "-//W3C//DTD XHTML 1.0 Transitional//EN"
    "http://www.w3.org/TR/xhtml1/DTD/xhtml1-transitional.dtd">
<html xmlns="http://www.w3.org/1999/xhtml" xml:lang="en" lang="en">
 <head>
  <title>
</title>
<meta http-equiv="Content-Type" content="text/html;charset=utf-8" />
  <meta name='ocr-system' content='tesseract 3.04.00' />
  <meta name='ocr-capabilities' content='ocr_page ocr_carea ocr_par ocr_line ocrx_word'/>
</head>
<body>
  <div class='ocr_page' id='page_1' title='image "./valeriimaximifa00maxigoog_0322.png"; bbox 0 0 3214 5170; ppageno 0'>
   <div class='ocr_carea' id='block_1_1' title="bbox 312 385 1095 450">
    <p class='ocr_par' dir='ltr' id='par_1_1' title="bbox 312 385 1095 450">
     <span class='ocr_line' id='line_1_1' title="bbox 312 385 1095 450; baseline -0.005 -1"><span class='ocrx_word' id='word_1_1' title='bbox 312 385 377 450; x_wconf 81' lang='lat'><strong>310</strong></span> <span class='ocrx_word' id='word_1_2' title='bbox 618 397 772 446; x_wconf 75' lang='lat' dir='ltr'><strong>vnrmnu</strong></span> <span class='ocrx_word' id='word_1_3' title='bbox 797 397 954 444; x_wconf 61' lang='lat' dir='ltr'><strong>nsxrur&#39;</strong></span> <span class='ocrx_word' id='word_1_4' title='bbox 967 397 1039 444; x_wconf 78' lang='lat' dir='ltr'><strong>ern.</strong></span> <span class='ocrx_word' id='word_1_5' title='bbox 1054 399 1095 446; x_wconf 85' lang='lat' dir='ltr'><strong>rr.</strong></span> 
     </span>
    </p>
   </div>
   <div class='ocr_carea' id='block_1_2' title="bbox 312 538 1402 627">
    <p class='ocr_par' dir='ltr' id='par_1_2' title="bbox 312 538 1402 627">
     <span class='ocr_line' id='line_1_2' title="bbox 312 538 1402 627; baseline -0.001 -18"><span class='ocrx_word' id='word_1_6' title='bbox 312 545 395 610; x_wconf 89' lang='lat' dir='ltr'><strong>tinet</strong></span> <span class='ocrx_word' id='word_1_7' title='bbox 418 560 532 616; x_wconf 89' lang='lat' dir='ltr'><strong>nosse,</strong></span> <span class='ocrx_word' id='word_1_8' title='bbox 558 543 659 621; x_wconf 82' lang='lat' dir='ltr'><strong>utque</strong></span> <span class='ocrx_word' id='word_1_9' title='bbox 689 538 773 603; x_wconf 80' lang='lat' dir='ltr'><strong>adeo</strong></span> <span class='ocrx_word' id='word_1_10' title='bbox 801 538 969 603; x_wconf 82' lang='lat' dir='ltr'><strong>recordari</strong></span> <span class='ocrx_word' id='word_1_11' title='bbox 993 544 1070 605; x_wconf 82' lang='lat' dir='ltr'><strong>oete</strong></span> <span class='ocrx_word' id='word_1_12' title='bbox 1099 541 1263 607; x_wconf 71' lang='lat' dir='ltr'><strong>censoriae</strong></span> <span class='ocrx_word' id='word_1_13' title='bbox 1291 548 1402 627; x_wconf 88' lang='lat' dir='ltr'><strong>potes-</strong></span> 
     </span>
    </p>
   </div>
   <div class='ocr_carea' id='block_1_3' title="bbox 313 651 1404 826">
    <p class='ocr_par' dir='ltr' id='par_1_3' title="bbox 313 651 1404 826">
     <span class='ocr_line' id='line_1_3' title="bbox 313 651 1404 826; baseline -0.003 -17"><span class='ocrx_word' id='word_1_14' title='bbox 313 651 567 809; x_wconf 45' lang='lat' dir='ltr'><strong>tatllsbamfflus</strong></span> <span class='ocrx_word' id='word_1_15' title='bbox 582 744 615 804; x_wconf 86' lang='lat' dir='ltr'><strong>et</strong></span> <span class='ocrx_word' id='word_1_16' title='bbox 629 735 871 803; x_wconf 67' lang='lat' dir='ltr'><strong>Posthnmius⁶</strong></span> <span class='ocrx_word' id='word_1_17' title='bbox 885 759 1052 817; x_wconf 82' lang='lat' dir='ltr'><strong>censores,</strong></span> <span class='ocrx_word' id='word_1_18' title='bbox 1064 759 1131 804; x_wconf 83' lang='lat' dir='ltr'><strong>esra</strong></span> <span class='ocrx_word' id='word_1_19' title='bbox 1145 759 1257 822; x_wconf 87' lang='lat' dir='ltr'><strong>poense</strong></span> <span class='ocrx_word' id='word_1_20' title='bbox 1272 744 1404 826; x_wconf 82' lang='lat' dir='ltr'><strong>nomine</strong></span> 
     </span>
    </p>
   </div>
   <div class='ocr_carea' id='block_1_4' title="bbox 308 841 1405 2141">
    <p class='ocr_par' dir='ltr' id='par_1_4' title="bbox 308 841 1405 1918">
     <span class='ocr_line' id='line_1_4' title="bbox 313 841 1405 928; baseline 0.001 -19"><span class='ocrx_word' id='word_1_21' title='bbox 313 865 382 922; x_wconf 89' lang='lat' dir='ltr'><strong>eos,</strong></span> <span class='ocrx_word' id='word_1_22' title='bbox 398 845 457 928; x_wconf 90' lang='lat' dir='ltr'><strong>qni</strong></span> <span class='ocrx_word' id='word_1_23' title='bbox 472 843 515 908; x_wconf 83' lang='lat' dir='ltr'><strong>ud</strong></span> <span class='ocrx_word' id='word_1_24' title='bbox 530 847 732 908; x_wconf 87' lang='lat' dir='ltr'><strong>senectutem</strong></span> <span class='ocrx_word' id='word_1_25' title='bbox 747 841 886 906; x_wconf 86' lang='lat' dir='ltr'><strong>coelibes</strong></span> <span class='ocrx_word' id='word_1_26' title='bbox 901 845 1125 925; x_wconf 83' lang='lat' dir='ltr'><strong>pervenerant,</strong></span> <span class='ocrx_word' id='word_1_27' title='bbox 1138 842 1333 908; x_wconf 74' lang='lat' dir='ltr'><strong>inseruitum</strong></span> <span class='ocrx_word' id='word_1_28' title='bbox 1347 846 1405 910; x_wconf 87' lang='lat' dir='ltr'><strong>de-</strong></span> 
     </span>
     <span class='ocr_line' id='line_1_5' title="bbox 311 942 1403 1029; baseline 0.002 -19"><span class='ocrx_word' id='word_1_29' title='bbox 311 947 394 1011; x_wconf 81' lang='lat' dir='ltr'><strong>terre</strong></span> <span class='ocrx_word' id='word_1_30' title='bbox 403 944 591 1029; x_wconf 86' lang='lat' dir='ltr'><strong>jusserunt:</strong></span> <span class='ocrx_word' id='word_1_31' title='bbox 614 944 729 1008; x_wconf 87' lang='lat' dir='ltr'><strong>iterum</strong></span> <span class='ocrx_word' id='word_1_32' title='bbox 744 945 854 1026; x_wconf 91' lang='lat' dir='ltr'><strong>puniri</strong></span> <span class='ocrx_word' id='word_1_33' title='bbox 870 943 1050 1026; x_wconf 68' lang='lat' dir='ltr'><strong>dignos-si</strong></span> <span class='ocrx_word' id='word_1_34' title='bbox 1065 963 1134 1025; x_wconf 91' lang='lat' dir='ltr'><strong>quo</strong></span> <span class='ocrx_word' id='word_1_35' title='bbox 1151 942 1254 1006; x_wconf 88' lang='lat' dir='ltr'><strong>modo</strong></span> <span class='ocrx_word' id='word_1_36' title='bbox 1268 943 1311 1006; x_wconf 91' lang='lat' dir='ltr'><strong>de</strong></span> <span class='ocrx_word' id='word_1_37' title='bbox 1332 951 1403 1012; x_wconf 85' lang='lat' dir='ltr'><strong>tam</strong></span> 
     </span>
     <span class='ocr_line' id='line_1_6' title="bbox 308 1045 1403 1131; baseline 0 -21"><span class='ocrx_word' id='word_1_38' title='bbox 308 1047 402 1131; x_wconf 84' lang='lat' dir='ltr'><strong>justu</strong></span> <span class='ocrx_word' id='word_1_39' title='bbox 417 1045 651 1110; x_wconf 86' lang='lat' dir='ltr'><strong>constitutione</strong></span> <span class='ocrx_word' id='word_1_40' title='bbox 664 1045 852 1126; x_wconf 85' lang='lat' dir='ltr'><strong>querisunt</strong></span> <span class='ocrx_word' id='word_1_41' title='bbox 867 1046 980 1124; x_wconf 79' lang='lat' dir='ltr'><strong>ausi;⁵</strong></span> <span class='ocrx_word' id='word_1_42' title='bbox 1002 1065 1078 1108; x_wconf 88' lang='lat' dir='ltr'><strong>cum</strong></span> <span class='ocrx_word' id='word_1_43' title='bbox 1101 1045 1135 1107; x_wconf 92' lang='lat' dir='ltr'><strong>iu</strong></span> <span class='ocrx_word' id='word_1_44' title='bbox 1157 1045 1241 1107; x_wconf 91' lang='lat' dir='ltr'><strong>huuc</strong></span> <span class='ocrx_word' id='word_1_45' title='bbox 1264 1045 1403 1112; x_wconf 85' lang='lat' dir='ltr'><strong>modum</strong></span> 
     </span>
     <span class='ocr_line' id='line_1_7' title="bbox 312 1144 1405 1230; baseline 0 -17"><span class='ocrx_word' id='word_1_46' title='bbox 312 1150 573 1230; x_wconf 74' lang='lat' dir='ltr'><strong>increparentur:</strong></span> <span class='ocrx_word' id='word_1_47' title='bbox 596 1144 747 1210; x_wconf 80' lang='lat' dir='ltr'><strong>‘Natura</strong></span> <span class='ocrx_word' id='word_1_48' title='bbox 760 1147 869 1223; x_wconf 91' lang='lat' dir='ltr'><strong>vobis,</strong></span> <span class='ocrx_word' id='word_1_49' title='bbox 880 1146 1154 1230; x_wconf 84' lang='lat' dir='ltr'><strong>quemadmodum</strong></span> <span class='ocrx_word' id='word_1_50' title='bbox 1169 1146 1339 1223; x_wconf 84' lang='lat' dir='ltr'><strong>nascendi,</strong></span> <span class='ocrx_word' id='word_1_51' title='bbox 1352 1149 1405 1214; x_wconf 82' lang='lat' dir='ltr'><strong>ite</strong></span> 
     </span>
     <span class='ocr_line' id='line_1_8' title="bbox 313 1248 1403 1332; baseline 0 -20"><span class='ocrx_word' id='word_1_52' title='bbox 313 1248 466 1332; x_wconf 86' lang='lat' dir='ltr'><strong>gignendi</strong></span> <span class='ocrx_word' id='word_1_53' title='bbox 480 1248 586 1329; x_wconf 84' lang='lat' dir='ltr'><strong>legem</strong></span> <span class='ocrx_word' id='word_1_54' title='bbox 608 1248 740 1327; x_wconf 81' lang='lat' dir='ltr'><strong>scribit3</strong></span> <span class='ocrx_word' id='word_1_55' title='bbox 762 1256 984 1332; x_wconf 78' lang='lat' dir='ltr'><strong>parentesque</strong></span> <span class='ocrx_word' id='word_1_56' title='bbox 1009 1268 1071 1312; x_wconf 76' lang='lat' dir='ltr'><strong>vrrs</strong></span> <span class='ocrx_word' id='word_1_57' title='bbox 1094 1248 1225 1325; x_wconf 83' lang='lat' dir='ltr'><strong>alendo,</strong></span> <span class='ocrx_word' id='word_1_58' title='bbox 1248 1254 1403 1330; x_wconf 83' lang='lat' dir='ltr'><strong>nepotum</strong></span> 
     </span>
     <span class='ocr_line' id='line_1_9' title="bbox 313 1346 1403 1432; baseline 0.002 -19"><span class='ocrx_word' id='word_1_59' title='bbox 313 1349 561 1413; x_wconf 85' lang='lat' dir='ltr'><strong>nutriendorum</strong></span> <span class='ocrx_word' id='word_1_60' title='bbox 574 1347 686 1412; x_wconf 92' lang='lat' dir='ltr'><strong>debito</strong></span> <span class='ocrx_word' id='word_1_61' title='bbox 702 1347 748 1429; x_wconf 90' lang='lat' dir='ltr'><strong>(si</strong></span> <span class='ocrx_word' id='word_1_62' title='bbox 764 1347 842 1431; x_wconf 88' lang='lat' dir='ltr'><strong>quis</strong></span> <span class='ocrx_word' id='word_1_63' title='bbox 858 1354 910 1413; x_wconf 88' lang='lat' dir='ltr'><strong>est</strong></span> <span class='ocrx_word' id='word_1_64' title='bbox 924 1346 1049 1432; x_wconf 87' lang='lat' dir='ltr'><strong>pudor)</strong></span> <span class='ocrx_word' id='word_1_65' title='bbox 1063 1349 1291 1432; x_wconf 82' lang='lat' dir='ltr'><strong>alligaverunt.</strong></span> <span class='ocrx_word' id='word_1_66' title='bbox 1334 1347 1403 1415; x_wconf 86' lang='lat' dir='ltr'><strong>Ao·</strong></span> 
     </span>
     <span class='ocr_line' id='line_1_10' title="bbox 313 1436 1401 1534; baseline 0.001 -19"><span class='ocrx_word' id='word_1_67' title='bbox 313 1450 401 1515; x_wconf 85' lang='lat' dir='ltr'><strong>cedit</strong></span> <span class='ocrx_word' id='word_1_68' title='bbox 422 1449 486 1528; x_wconf 91' lang='lat' dir='ltr'><strong>his,</strong></span> <span class='ocrx_word' id='word_1_69' title='bbox 514 1449 604 1532; x_wconf 91' lang='lat' dir='ltr'><strong>quod</strong></span> <span class='ocrx_word' id='word_1_70' title='bbox 630 1450 731 1514; x_wconf 84' lang='lat' dir='ltr'><strong>etiam</strong></span> <span class='ocrx_word' id='word_1_71' title='bbox 754 1449 888 1513; x_wconf 78' lang='lat' dir='ltr'><strong>fortuna</strong></span> <span class='ocrx_word' id='word_1_72' title='bbox 910 1449 1042 1532; x_wconf 80' lang='lat' dir='ltr'><strong>longam</strong></span> <span class='ocrx_word' id='word_1_73' title='bbox 1066 1436 1247 1533; x_wconf 76' lang='lat' dir='ltr'><strong>praestandi</strong></span> <span class='ocrx_word' id='word_1_74' title='bbox 1261 1449 1401 1534; x_wconf 84' lang='lat' dir='ltr'><strong>hujusce</strong></span> 
     </span>
     <span class='ocr_line' id='line_1_11' title="bbox 313 1547 1402 1631; baseline -0.002 -15"><span class='ocrx_word' id='word_1_75' title='bbox 313 1547 458 1616; x_wconf 88' lang='lat' dir='ltr'><strong>muneris</strong></span> <span class='ocrx_word' id='word_1_76' title='bbox 474 1547 754 1614; x_wconf 80' lang='lat' dir='ltr'><strong>advocationem⁶</strong></span> <span class='ocrx_word' id='word_1_77' title='bbox 775 1549 856 1614; x_wconf 85' lang='lat' dir='ltr'><strong>estis</strong></span> <span class='ocrx_word' id='word_1_78' title='bbox 871 1550 1056 1631; x_wconf 70' lang='lat' dir='ltr'><strong>assecuti3‘·</strong></span> <span class='ocrx_word' id='word_1_79' title='bbox 1077 1567 1153 1614; x_wconf 89' lang='lat' dir='ltr'><strong>oum</strong></span> <span class='ocrx_word' id='word_1_80' title='bbox 1175 1551 1305 1615; x_wconf 88' lang='lat' dir='ltr'><strong>iuterim</strong></span> <span class='ocrx_word' id='word_1_81' title='bbox 1320 1571 1402 1614; x_wconf 87' lang='lat' dir='ltr'><strong>oon·</strong></span> 
     </span>
     <span class='ocr_line' id='line_1_12' title="bbox 314 1651 1401 1734; baseline -0.004 -18"><span class='ocrx_word' id='word_1_82' title='bbox 314 1652 740 1729; x_wconf 76' lang='lat' dir='ltr'><strong>sumtisint&#39;anniuestri,</strong></span> <span class='ocrx_word' id='word_1_83' title='bbox 759 1657 794 1714; x_wconf 89' lang='lat' dir='ltr'><strong>et</strong></span> <span class='ocrx_word' id='word_1_84' title='bbox 815 1653 927 1715; x_wconf 81' lang='lat' dir='ltr'><strong>mariti</strong></span> <span class='ocrx_word' id='word_1_85' title='bbox 952 1657 984 1716; x_wconf 87' lang='lat' dir='ltr'><strong>et</strong></span> <span class='ocrx_word' id='word_1_86' title='bbox 1014 1651 1120 1734; x_wconf 89' lang='lat' dir='ltr'><strong>putris</strong></span> <span class='ocrx_word' id='word_1_87' title='bbox 1144 1651 1276 1716; x_wconf 87' lang='lat' dir='ltr'><strong>nomine</strong></span> <span class='ocrx_word' id='word_1_88' title='bbox 1294 1653 1401 1716; x_wconf 84' lang='lat' dir='ltr'><strong>vacui.</strong></span> 
     </span>
     <span class='ocr_line' id='line_1_13' title="bbox 313 1752 1401 1836; baseline -0.001 -19"><span class='ocrx_word' id='word_1_89' title='bbox 313 1753 489 1834; x_wconf 85' lang='lat' dir='ltr'><strong>Iteigitur,</strong></span> <span class='ocrx_word' id='word_1_90' title='bbox 503 1758 537 1818; x_wconf 90' lang='lat' dir='ltr'><strong>et</strong></span> <span class='ocrx_word' id='word_1_91' title='bbox 548 1754 729 1818; x_wconf 83' lang='lat' dir='ltr'><strong>nodosam⁷</strong></span> <span class='ocrx_word' id='word_1_92' title='bbox 744 1752 910 1818; x_wconf 85' lang='lat' dir='ltr'><strong>exsolvite</strong></span> <span class='ocrx_word' id='word_1_93' title='bbox 924 1754 1068 1836; x_wconf 79' lang='lat' dir='ltr'><strong>stipem‘</strong></span> <span class='ocrx_word' id='word_1_94' title='bbox 1083 1753 1198 1818; x_wconf 88' lang='lat' dir='ltr'><strong>utilem</strong></span> <span class='ocrx_word' id='word_1_95' title='bbox 1212 1753 1401 1836; x_wconf 75' lang='lat' dir='ltr'><strong>posteritati</strong></span> 
     </span>
     <span class='ocr_line' id='line_1_14' title="bbox 312 1845 546 1918; baseline 0.004 -1"><span class='ocrx_word' id='word_1_96' title='bbox 312 1845 546 1918; x_wconf 73' lang='lat' dir='ltr'><strong>numerosae.&#39;‘</strong></span> 
     </span>
    </p>

    <p class='ocr_par' dir='ltr' id='par_1_5' title="bbox 313 1955 1403 2141">
     <span class='ocr_line' id='line_1_15' title="bbox 354 1955 1401 2022; baseline 0 -2"><span class='ocrx_word' id='word_1_97' title='bbox 354 1957 387 2020; x_wconf 80' lang='lat'><strong>2.</strong></span> <span class='ocrx_word' id='word_1_98' title='bbox 411 1955 544 2020; x_wconf 86' lang='lat' dir='ltr'><strong>Horum</strong></span> <span class='ocrx_word' id='word_1_99' title='bbox 567 1956 776 2022; x_wconf 82' lang='lat' dir='ltr'><strong>severitatem</strong></span> <span class='ocrx_word' id='word_1_100' title='bbox 794 1957 842 2021; x_wconf 93' lang='lat' dir='ltr'><strong>M.</strong></span> <span class='ocrx_word' id='word_1_101' title='bbox 861 1955 1021 2022; x_wconf 82' lang='lat' dir='ltr'><strong>Valerius</strong></span> <span class='ocrx_word' id='word_1_102' title='bbox 1045 1955 1141 2022; x_wconf 80' lang='lat' dir='ltr'><strong>Max.</strong></span> <span class='ocrx_word' id='word_1_103' title='bbox 1168 1961 1203 2021; x_wconf 90' lang='lat' dir='ltr'><strong>et</strong></span> <span class='ocrx_word' id='word_1_104' title='bbox 1227 1955 1401 2021; x_wconf 70' lang='lat' dir='ltr'><strong>Cluuius</strong></span> 
     </span>
     <span class='ocr_line' id='line_1_16' title="bbox 313 2057 1403 2141; baseline 0.002 -19"><span class='ocrx_word' id='word_1_105' title='bbox 313 2057 507 2123; x_wconf 78' lang='lat' dir='ltr'><strong>Bubulcus·d</strong></span> <span class='ocrx_word' id='word_1_106' title='bbox 530 2059 654 2124; x_wconf 88' lang='lat' dir='ltr'><strong>Brutus</strong></span> <span class='ocrx_word' id='word_1_107' title='bbox 678 2079 834 2125; x_wconf 86' lang='lat' dir='ltr'><strong>censores</strong></span> <span class='ocrx_word' id='word_1_108' title='bbox 856 2060 891 2123; x_wconf 92' lang='lat' dir='ltr'><strong>in</strong></span> <span class='ocrx_word' id='word_1_109' title='bbox 907 2057 1093 2126; x_wconf 81' lang='lat' dir='ltr'><strong>consimili⁸</strong></span> <span class='ocrx_word' id='word_1_110' title='bbox 1115 2077 1232 2141; x_wconf 81' lang='lat' dir='ltr'><strong>genere</strong></span> <span class='ocrx_word' id='word_1_111' title='bbox 1256 2057 1403 2125; x_wconf 79' lang='lat' dir='ltr'><strong>animad-</strong></span> 
     </span>
    </p>
   </div>
   <div class='ocr_carea' id='block_1_5' title="bbox 311 2256 1405 2386">
    <p class='ocr_par' dir='ltr' id='par_1_6' title="bbox 311 2256 1405 2386">
     <span class='ocr_line' id='line_1_17' title="bbox 311 2256 1405 2386; baseline 0.002 -80"><span class='ocrx_word' id='word_1_112' title='bbox 311 2256 491 2386; x_wconf 49' lang='lat' dir='ltr'><strong>⁰ffijdf&#39;gctereo</strong></span> <span class='ocrx_word' id='word_1_113' title='bbox 503 2259 605 2318; x_wconf 77' lang='lat' dir='ltr'><strong>fortene</strong></span> <span class='ocrx_word' id='word_1_114' title='bbox 622 2259 687 2309; x_wconf 78' lang='lat' dir='ltr'><strong>colis</strong></span> <span class='ocrx_word' id='word_1_115' title='bbox 697 2259 764 2310; x_wconf 73' lang='lat' dir='ltr'><strong>(ledit</strong></span> <span class='ocrx_word' id='word_1_116' title='bbox 780 2261 877 2322; x_wconf 76' lang='lat' dir='ltr'><strong>hugum</strong></span> <span class='ocrx_word' id='word_1_117' title='bbox 893 2259 1005 2322; x_wconf 78' lang='lat' dir='ltr'><strong>temporis</strong></span> <span class='ocrx_word' id='word_1_118' title='bbox 1022 2259 1126 2323; x_wconf 70' lang='lat' dir='ltr'><strong>spoliem</strong></span> <span class='ocrx_word' id='word_1_119' title='bbox 1141 2259 1172 2306; x_wconf 83' lang='lat' dir='ltr'><strong>ud</strong></span> <span class='ocrx_word' id='word_1_120' title='bbox 1186 2261 1346 2320; x_wconf 66' lang='lat' dir='ltr'><strong>medendum</strong></span> <span class='ocrx_word' id='word_1_121' title='bbox 1361 2259 1405 2308; x_wconf 71' lang='lat' dir='ltr'><strong>lue</strong></span> 
     </span>
    </p>
   </div>
   <div class='ocr_carea' id='block_1_6' title="bbox 768 2411 945 2433">
    <p class='ocr_par' dir='ltr' id='par_1_7' title="bbox 768 2411 945 2433">
     <span class='ocr_line' id='line_1_18' title="bbox 768 2411 945 2433; baseline -0.011 0"><span class='ocrx_word' id='word_1_122' title='bbox 768 2411 945 2433; x_wconf 61' lang='lat' dir='ltr'><strong>nanneno</strong></span> 
     </span>
    </p>
   </div>
   <div class='ocr_carea' id='block_1_7' title="bbox 295 2507 1440 3280">
    <p class='ocr_par' dir='ltr' id='par_1_8' title="bbox 295 2507 1440 3280">
     <span class='ocr_line' id='line_1_19' title="bbox 313 2507 1403 2573; baseline 0 -11"><span class='ocrx_word' id='word_1_123' title='bbox 313 2512 422 2562; x_wconf 75' lang='lat' dir='ltr'><strong>etheid.</strong></span> <span class='ocrx_word' id='word_1_124' title='bbox 433 2516 504 2560; x_wconf 51' lang='lat'><strong>2⁹5</strong></span> <span class='ocrx_word' id='word_1_125' title='bbox 523 2512 566 2560; x_wconf 80' lang='lat' dir='ltr'><strong>Its</strong></span> <span class='ocrx_word' id='word_1_126' title='bbox 576 2511 603 2558; x_wconf 89' lang='lat' dir='ltr'><strong>in</strong></span> <span class='ocrx_word' id='word_1_127' title='bbox 613 2509 711 2572; x_wconf 81' lang='lat' dir='ltr'><strong>majore</strong></span> <span class='ocrx_word' id='word_1_128' title='bbox 724 2517 797 2573; x_wconf 80' lang='lat' dir='ltr'><strong>purte</strong></span> <span class='ocrx_word' id='word_1_129' title='bbox 808 2509 884 2559; x_wconf 85' lang='lat' dir='ltr'><strong>codd.</strong></span> <span class='ocrx_word' id='word_1_130' title='bbox 896 2518 925 2560; x_wconf 89' lang='lat' dir='ltr'><strong>et</strong></span> <span class='ocrx_word' id='word_1_131' title='bbox 931 2511 992 2559; x_wconf 82' lang='lat' dir='ltr'><strong>Vct.</strong></span> <span class='ocrx_word' id='word_1_132' title='bbox 1003 2508 1189 2571; x_wconf 70' lang='lat' dir='ltr'><strong>Mogvenett.</strong></span> <span class='ocrx_word' id='word_1_133' title='bbox 1201 2507 1310 2558; x_wconf 83' lang='lat' dir='ltr'><strong>Medici.</strong></span> <span class='ocrx_word' id='word_1_134' title='bbox 1321 2508 1403 2562; x_wconf 81' lang='lat' dir='ltr'><strong>Aldd.</strong></span> 
     </span>
     <span class='ocr_line' id='line_1_20' title="bbox 313 2571 1403 2638; baseline -0.002 -12"><span class='ocrx_word' id='word_1_135' title='bbox 313 2577 395 2626; x_wconf 91' lang='lat' dir='ltr'><strong>Colin.</strong></span> <span class='ocrx_word' id='word_1_136' title='bbox 406 2574 606 2637; x_wconf 79' lang='lat' dir='ltr'><strong>Gryphsteph.</strong></span> <span class='ocrx_word' id='word_1_137' title='bbox 616 2578 664 2622; x_wconf 73' lang='lat' dir='ltr'><strong>&amp;e</strong></span> <span class='ocrx_word' id='word_1_138' title='bbox 697 2571 805 2636; x_wconf 77' lang='lat' dir='ltr'><strong>Pighius</strong></span> <span class='ocrx_word' id='word_1_139' title='bbox 816 2582 902 2624; x_wconf 80' lang='lat' dir='ltr'><strong>tamen</strong></span> <span class='ocrx_word' id='word_1_140' title='bbox 921 2575 994 2638; x_wconf 86' lang='lat' dir='ltr'><strong>legit,</strong></span> <span class='ocrx_word' id='word_1_141' title='bbox 1010 2582 1087 2622; x_wconf 76' lang='lat' dir='ltr'><strong>essem</strong></span> <span class='ocrx_word' id='word_1_142' title='bbox 1102 2573 1213 2622; x_wconf 72' lang='lat' dir='ltr'><strong>cuch-6</strong></span> <span class='ocrx_word' id='word_1_143' title='bbox 1228 2571 1277 2622; x_wconf 82' lang='lat' dir='ltr'><strong>Itc&#39;</strong></span> <span class='ocrx_word' id='word_1_144' title='bbox 1288 2573 1314 2623; x_wconf 92' lang='lat' dir='ltr'><strong>h.</strong></span> <span class='ocrx_word' id='word_1_145' title='bbox 1334 2575 1350 2624; x_wconf 91' lang='grc' dir='ltr'><strong>Ι.</strong></span> <span class='ocrx_word' id='word_1_146' title='bbox 1369 2589 1403 2624; x_wconf 80' lang='lat' dir='ltr'><strong>cx</strong></span> 
     </span>
     <span class='ocr_line' id='line_1_21' title="bbox 312 2636 1404 2702; baseline -0.002 -14"><span class='ocrx_word' id='word_1_147' title='bbox 312 2639 388 2688; x_wconf 88' lang='lat' dir='ltr'><strong>codd.</strong></span> <span class='ocrx_word' id='word_1_148' title='bbox 400 2638 514 2687; x_wconf 87' lang='lat' dir='ltr'><strong>restituit</strong></span> <span class='ocrx_word' id='word_1_149' title='bbox 523 2636 644 2702; x_wconf 76' lang='lat' dir='ltr'><strong>Pighius:</strong></span> <span class='ocrx_word' id='word_1_150' title='bbox 662 2639 701 2686; x_wconf 72' lang='lat' dir='ltr'><strong>its</strong></span> <span class='ocrx_word' id='word_1_151' title='bbox 711 2654 812 2702; x_wconf 77' lang='lat' dir='ltr'><strong>quoque</strong></span> <span class='ocrx_word' id='word_1_152' title='bbox 823 2639 920 2690; x_wconf 82' lang='lat' dir='ltr'><strong>Brcud.</strong></span> <span class='ocrx_word' id='word_1_153' title='bbox 934 2645 957 2689; x_wconf 84' lang='lat'><strong>1.</strong></span> <span class='ocrx_word' id='word_1_154' title='bbox 968 2645 992 2688; x_wconf 77' lang='lat'><strong>2.</strong></span> <span class='ocrx_word' id='word_1_155' title='bbox 1004 2639 1076 2686; x_wconf 86' lang='lat' dir='ltr'><strong>molti</strong></span> <span class='ocrx_word' id='word_1_156' title='bbox 1087 2637 1199 2686; x_wconf 78' lang='lat' dir='ltr'><strong>i&#39;orren.</strong></span> <span class='ocrx_word' id='word_1_157' title='bbox 1211 2638 1282 2700; x_wconf 87' lang='lat' dir='ltr'><strong>Mog.</strong></span> <span class='ocrx_word' id='word_1_158' title='bbox 1294 2645 1322 2686; x_wconf 85' lang='lat' dir='ltr'><strong>et</strong></span> <span class='ocrx_word' id='word_1_159' title='bbox 1334 2638 1404 2687; x_wconf 83' lang='lat' dir='ltr'><strong>Her·</strong></span> 
     </span>
     <span class='ocr_line' id='line_1_22' title="bbox 295 2701 1405 2767; baseline 0.001 -17"><span class='ocrx_word' id='word_1_160' title='bbox 295 2721 299 2728; x_wconf 68' lang='lat'><strong><em>¹</em></strong></span> <span class='ocrx_word' id='word_1_161' title='bbox 312 2703 365 2764; x_wconf 84' lang='lat' dir='ltr'><strong>bip.</strong></span> <span class='ocrx_word' id='word_1_162' title='bbox 399 2701 481 2750; x_wconf 81' lang='lat' dir='ltr'><strong>Aldus</strong></span> <span class='ocrx_word' id='word_1_163' title='bbox 492 2702 626 2752; x_wconf 80' lang='lat' dir='ltr'><strong>ediderat:</strong></span> <span class='ocrx_word' id='word_1_164' title='bbox 643 2701 741 2752; x_wconf 77' lang='lat' dir='ltr'><strong>Accedit</strong></span> <span class='ocrx_word' id='word_1_165' title='bbox 753 2703 824 2752; x_wconf 79' lang='lat' dir='ltr'><strong>elium</strong></span> <span class='ocrx_word' id='word_1_166' title='bbox 835 2704 875 2762; x_wconf 82' lang='lat' dir='ltr'><strong>iis,</strong></span> <span class='ocrx_word' id='word_1_167' title='bbox 891 2707 951 2767; x_wconf 78' lang='lat' dir='ltr'><strong>qood</strong></span> <span class='ocrx_word' id='word_1_168' title='bbox 961 2704 1094 2764; x_wconf 74' lang='lat' dir='ltr'><strong>infortuna</strong></span> <span class='ocrx_word' id='word_1_169' title='bbox 1106 2703 1122 2750; x_wconf 84' lang='lat'><strong>1.</strong></span> <span class='ocrx_word' id='word_1_170' title='bbox 1130 2717 1156 2765; x_wconf 85' lang='lat' dir='ltr'><strong>p.</strong></span> <span class='ocrx_word' id='word_1_171' title='bbox 1168 2701 1192 2752; x_wconf 80' lang='lat' dir='ltr'><strong>l.</strong></span> <span class='ocrx_word' id='word_1_172' title='bbox 1203 2716 1235 2750; x_wconf 86' lang='lat' dir='ltr'><strong>m.</strong></span> <span class='ocrx_word' id='word_1_173' title='bbox 1251 2702 1405 2764; x_wconf 80' lang='lat' dir='ltr'><strong>occationem,</strong></span> 
     </span>
     <span class='ocr_line' id='line_1_23' title="bbox 311 2764 1405 2832; baseline 0.005 -20"><span class='ocrx_word' id='word_1_174' title='bbox 311 2767 352 2826; x_wconf 71' lang='lat' dir='ltr'><strong>tre.</strong></span> <span class='ocrx_word' id='word_1_175' title='bbox 376 2778 425 2812; x_wconf 87' lang='lat' dir='ltr'><strong>nec</strong></span> <span class='ocrx_word' id='word_1_176' title='bbox 445 2764 521 2815; x_wconf 75' lang='lat' dir='ltr'><strong>stite:</strong></span> <span class='ocrx_word' id='word_1_177' title='bbox 539 2766 621 2816; x_wconf 83' lang='lat' dir='ltr'><strong>Collo.</strong></span> <span class='ocrx_word' id='word_1_178' title='bbox 641 2766 740 2830; x_wconf 86' lang='lat' dir='ltr'><strong>Gryph.</strong></span> <span class='ocrx_word' id='word_1_179' title='bbox 760 2768 848 2817; x_wconf 78' lang='lat' dir='ltr'><strong>Chalc.</strong></span> <span class='ocrx_word' id='word_1_180' title='bbox 867 2768 959 2832; x_wconf 84' lang='lat' dir='ltr'><strong>Steph.</strong></span> <span class='ocrx_word' id='word_1_181' title='bbox 977 2771 1025 2828; x_wconf 66' lang='lat' dir='ltr'><strong>&amp;e</strong></span> <span class='ocrx_word' id='word_1_182' title='bbox 1049 2767 1192 2816; x_wconf 80' lang='lat' dir='ltr'><strong>secutionem</strong></span> <span class='ocrx_word' id='word_1_183' title='bbox 1210 2765 1287 2814; x_wconf 82' lang='lat' dir='ltr'><strong>etiem</strong></span> <span class='ocrx_word' id='word_1_184' title='bbox 1308 2766 1405 2818; x_wconf 83' lang='lat' dir='ltr'><strong>hebent</strong></span> 
     </span>
     <span class='ocr_line' id='line_1_24' title="bbox 312 2827 1403 2894; baseline 0.004 -18"><span class='ocrx_word' id='word_1_185' title='bbox 312 2827 406 2890; x_wconf 88' lang='lat' dir='ltr'><strong>Copes.</strong></span> <span class='ocrx_word' id='word_1_186' title='bbox 416 2827 495 2879; x_wconf 82' lang='lat' dir='ltr'><strong>Burb.</strong></span> <span class='ocrx_word' id='word_1_187' title='bbox 508 2835 531 2880; x_wconf 87' lang='lat' dir='ltr'><strong>l.</strong></span> <span class='ocrx_word' id='word_1_188' title='bbox 541 2834 566 2880; x_wconf 75' lang='lat'><strong>2.</strong></span> <span class='ocrx_word' id='word_1_189' title='bbox 584 2837 611 2880; x_wconf 87' lang='lat' dir='ltr'><strong>et</strong></span> <span class='ocrx_word' id='word_1_190' title='bbox 626 2830 725 2881; x_wconf 86' lang='lat' dir='ltr'><strong>Medic.</strong></span> <span class='ocrx_word' id='word_1_191' title='bbox 744 2836 770 2882; x_wconf 70' lang='lat' dir='ltr'><strong>i.</strong></span> <span class='ocrx_word' id='word_1_192' title='bbox 787 2835 813 2881; x_wconf 81' lang='grc'><strong>4.</strong></span> <span class='ocrx_word' id='word_1_193' title='bbox 847 2832 965 2882; x_wconf 83' lang='lat' dir='ltr'><strong>Perizou.</strong></span> <span class='ocrx_word' id='word_1_194' title='bbox 983 2830 1052 2894; x_wconf 88' lang='lat' dir='ltr'><strong>conj.</strong></span> <span class='ocrx_word' id='word_1_195' title='bbox 1068 2830 1266 2880; x_wconf 69' lang='lat' dir='ltr'><strong>occasionem-l</strong></span> <span class='ocrx_word' id='word_1_196' title='bbox 1282 2830 1403 2894; x_wconf 85' lang='lat' dir='ltr'><strong>‘Lipsius</strong></span> 
     </span>
     <span class='ocr_line' id='line_1_25' title="bbox 304 2891 1405 2959; baseline 0 -15"><span class='ocrx_word' id='word_1_197' title='bbox 304 2891 427 2956; x_wconf 75' lang='lat' dir='ltr'><strong>conjicit,</strong></span> <span class='ocrx_word' id='word_1_198' title='bbox 442 2907 603 2954; x_wconf 70' lang='lat' dir='ltr'><strong>summosam:</strong></span> <span class='ocrx_word' id='word_1_199' title='bbox 621 2893 780 2955; x_wconf 79' lang='lat' dir='ltr'><strong>Perizonius,</strong></span> <span class='ocrx_word' id='word_1_200' title='bbox 800 2896 942 2959; x_wconf 76' lang='lat' dir='ltr'><strong>probrosum,</strong></span> <span class='ocrx_word' id='word_1_201' title='bbox 957 2898 1070 2958; x_wconf 83' lang='lat' dir='ltr'><strong>odiosum,</strong></span> <span class='ocrx_word' id='word_1_202' title='bbox 1086 2895 1236 2958; x_wconf 77' lang='lat' dir='ltr'><strong>impositum:</strong></span> <span class='ocrx_word' id='word_1_203' title='bbox 1255 2893 1405 2958; x_wconf 84' lang='lat' dir='ltr'><strong>Torrenius,</strong></span> 
     </span>
     <span class='ocr_line' id='line_1_26' title="bbox 312 2955 1440 3024; baseline 0.005 -20"><span class='ocrx_word' id='word_1_204' title='bbox 312 2955 430 3006; x_wconf 80' lang='lat' dir='ltr'><strong>uxoriam.</strong></span> <span class='ocrx_word' id='word_1_205' title='bbox 464 2959 529 3007; x_wconf 88' lang='lat' dir='ltr'><strong>Mihi</strong></span> <span class='ocrx_word' id='word_1_206' title='bbox 539 2961 657 3019; x_wconf 77' lang='lat' dir='ltr'><strong>nodosum,</strong></span> <span class='ocrx_word' id='word_1_207' title='bbox 674 2958 741 3024; x_wconf 90' lang='lat' dir='ltr'><strong>quod</strong></span> <span class='ocrx_word' id='word_1_208' title='bbox 754 2960 780 3008; x_wconf 87' lang='lat' dir='ltr'><strong>in</strong></span> <span class='ocrx_word' id='word_1_209' title='bbox 791 2961 908 3010; x_wconf 88' lang='lat' dir='ltr'><strong>omnihus</strong></span> <span class='ocrx_word' id='word_1_210' title='bbox 920 2962 992 3010; x_wconf 85' lang='lat' dir='ltr'><strong>tibris</strong></span> <span class='ocrx_word' id='word_1_211' title='bbox 1002 2970 1031 3010; x_wconf 83' lang='lat' dir='ltr'><strong>et</strong></span> <span class='ocrx_word' id='word_1_212' title='bbox 1044 2960 1150 3022; x_wconf 84' lang='lat' dir='ltr'><strong>scriptis</strong></span> <span class='ocrx_word' id='word_1_213' title='bbox 1169 2967 1197 3008; x_wconf 85' lang='lat' dir='ltr'><strong>et</strong></span> <span class='ocrx_word' id='word_1_214' title='bbox 1217 2958 1292 3010; x_wconf 89' lang='lat' dir='ltr'><strong>editis</strong></span> <span class='ocrx_word' id='word_1_215' title='bbox 1311 2960 1404 3022; x_wconf 80' lang='lat' dir='ltr'><strong>haeret,</strong></span> <span class='ocrx_word' id='word_1_216' title='bbox 1439 3007 1440 3010; x_wconf 76' lang='grc'>,</span> 
     </span>
     <span class='ocr_line' id='line_1_27' title="bbox 309 3021 1402 3089; baseline 0.003 -20"><span class='ocrx_word' id='word_1_217' title='bbox 309 3034 395 3085; x_wconf 85' lang='lat' dir='ltr'><strong>neque</strong></span> <span class='ocrx_word' id='word_1_218' title='bbox 408 3036 423 3070; x_wconf 81' lang='lat' dir='ltr'><strong>o</strong></span> <span class='ocrx_word' id='word_1_219' title='bbox 434 3021 544 3072; x_wconf 78' lang='lat' dir='ltr'><strong>librariis</strong></span> <span class='ocrx_word' id='word_1_220' title='bbox 557 3023 683 3086; x_wconf 88' lang='lat' dir='ltr'><strong>proficisci</strong></span> <span class='ocrx_word' id='word_1_221' title='bbox 695 3024 790 3088; x_wconf 87' lang='lat' dir='ltr'><strong>potuit,</strong></span> <span class='ocrx_word' id='word_1_222' title='bbox 799 3025 937 3074; x_wconf 75' lang='lat' dir='ltr'><strong>Valeriano</strong></span> <span class='ocrx_word' id='word_1_223' title='bbox 955 3025 1023 3089; x_wconf 83' lang='lat' dir='ltr'><strong>stylo</strong></span> <span class='ocrx_word' id='word_1_224' title='bbox 1038 3039 1160 3088; x_wconf 78' lang='lat' dir='ltr'><strong>perquem</strong></span> <span class='ocrx_word' id='word_1_225' title='bbox 1172 3025 1325 3073; x_wconf 84' lang='lat' dir='ltr'><strong>conveniens</strong></span> <span class='ocrx_word' id='word_1_226' title='bbox 1344 3037 1402 3072; x_wconf 84' lang='lat' dir='ltr'><strong>esse</strong></span> 
     </span>
     <span class='ocr_line' id='line_1_28' title="bbox 311 3084 1403 3152; baseline 0.003 -18"><span class='ocrx_word' id='word_1_227' title='bbox 311 3092 340 3134; x_wconf 87' lang='lat' dir='ltr'><strong>et</strong></span> <span class='ocrx_word' id='word_1_228' title='bbox 350 3084 495 3148; x_wconf 75' lang='lat' dir='ltr'><strong>significare</strong></span> <span class='ocrx_word' id='word_1_229' title='bbox 506 3087 624 3137; x_wconf 84' lang='lat' dir='ltr'><strong>uidetur:</strong></span> <span class='ocrx_word' id='word_1_230' title='bbox 641 3103 716 3152; x_wconf 85' lang='lat' dir='ltr'><strong>quam</strong></span> <span class='ocrx_word' id='word_1_231' title='bbox 729 3089 834 3138; x_wconf 84' lang='lat' dir='ltr'><strong>ecelibes</strong></span> <span class='ocrx_word' id='word_1_232' title='bbox 846 3091 928 3138; x_wconf 88' lang='lat' dir='ltr'><strong>minus</strong></span> <span class='ocrx_word' id='word_1_233' title='bbox 940 3098 1041 3152; x_wconf 84' lang='lat' dir='ltr'><strong>promte</strong></span> <span class='ocrx_word' id='word_1_234' title='bbox 1052 3096 1080 3138; x_wconf 85' lang='lat' dir='ltr'><strong>et</strong></span> <span class='ocrx_word' id='word_1_235' title='bbox 1091 3087 1164 3137; x_wconf 85' lang='lat' dir='ltr'><strong>iuviti</strong></span> <span class='ocrx_word' id='word_1_236' title='bbox 1175 3095 1253 3151; x_wconf 85' lang='lat' dir='ltr'><strong>utque</strong></span> <span class='ocrx_word' id='word_1_237' title='bbox 1264 3086 1403 3142; x_wconf 83' lang='lat' dir='ltr'><strong>difficulter</strong></span> 
     </span>
     <span class='ocr_line' id='line_1_29' title="bbox 312 3149 1403 3218; baseline 0.002 -20"><span class='ocrx_word' id='word_1_238' title='bbox 312 3149 476 3212; x_wconf 78' lang='lat' dir='ltr'><strong>pendebant3</strong></span> <span class='ocrx_word' id='word_1_239' title='bbox 492 3151 555 3201; x_wconf 81' lang='lat' dir='ltr'><strong>elius</strong></span> <span class='ocrx_word' id='word_1_240' title='bbox 567 3152 635 3200; x_wconf 87' lang='lat' dir='ltr'><strong>euim</strong></span> <span class='ocrx_word' id='word_1_241' title='bbox 645 3167 695 3201; x_wconf 92' lang='lat' dir='ltr'><strong>oon</strong></span> <span class='ocrx_word' id='word_1_242' title='bbox 707 3160 877 3216; x_wconf 85' lang='lat' dir='ltr'><strong>quererentur</strong></span> <span class='ocrx_word' id='word_1_243' title='bbox 887 3155 919 3202; x_wconf 85' lang='lat' dir='ltr'><strong>de</strong></span> <span class='ocrx_word' id='word_1_244' title='bbox 931 3161 983 3203; x_wconf 81' lang='lat' dir='ltr'><strong>torn</strong></span> <span class='ocrx_word' id='word_1_245' title='bbox 991 3155 1064 3218; x_wconf 76' lang='lat' dir='ltr'><strong>Jucts</strong></span> <span class='ocrx_word' id='word_1_246' title='bbox 1076 3151 1279 3202; x_wconf 72' lang='lat' dir='ltr'><strong>constitutione!</strong></span> <span class='ocrx_word' id='word_1_247' title='bbox 1290 3153 1403 3214; x_wconf 76' lang='lat' dir='ltr'><strong>Kapp-</strong></span> 
     </span>
     <span class='ocr_line' id='line_1_30' title="bbox 312 3215 1401 3280; baseline 0.003 -18"><span class='ocrx_word' id='word_1_248' title='bbox 312 3215 328 3262; x_wconf 79' lang='grc'>8</span> <span class='ocrx_word' id='word_1_249' title='bbox 344 3215 404 3264; x_wconf 80' lang='lat' dir='ltr'><strong>Vct.</strong></span> <span class='ocrx_word' id='word_1_250' title='bbox 415 3228 473 3265; x_wconf 86' lang='lat' dir='ltr'><strong>oum</strong></span> <span class='ocrx_word' id='word_1_251' title='bbox 484 3216 611 3266; x_wconf 87' lang='lat' dir='ltr'><strong>nonnuliis</strong></span> <span class='ocrx_word' id='word_1_252' title='bbox 623 3217 729 3268; x_wconf 81' lang='lat' dir='ltr'><strong>Temen.</strong></span> <span class='ocrx_word' id='word_1_253' title='bbox 747 3232 849 3267; x_wconf 77' lang='lat' dir='ltr'><strong>censores</strong></span> <span class='ocrx_word' id='word_1_254' title='bbox 867 3219 998 3268; x_wconf 77' lang='lat' dir='ltr'><strong>consimili:</strong></span> <span class='ocrx_word' id='word_1_255' title='bbox 1015 3217 1105 3267; x_wconf 79' lang='lat' dir='ltr'><strong>endem</strong></span> <span class='ocrx_word' id='word_1_256' title='bbox 1122 3216 1308 3280; x_wconf 78' lang='lat' dir='ltr'><strong>complurimis</strong></span> <span class='ocrx_word' id='word_1_257' title='bbox 1324 3215 1401 3266; x_wconf 89' lang='lat' dir='ltr'><strong>codd.</strong></span> 
     </span>
    </p>
   </div>
   <div class='ocr_carea' id='block_1_8' title="bbox 801 3357 911 3414">
    <p class='ocr_par' dir='ltr' id='par_1_9' title="bbox 801 3357 911 3414">
     <span class='ocr_line' id='line_1_31' title="bbox 801 3357 911 3414; baseline 0 -2"><span class='ocrx_word' id='word_1_258' title='bbox 801 3357 911 3414; x_wconf 79' lang='lat' dir='ltr'>NOTAE</span> 
     </span>
    </p>
   </div>
   <div class='ocr_carea' id='block_1_9' title="bbox 289 3465 1405 4142">
    <p class='ocr_par' dir='ltr' id='par_1_10' title="bbox 289 3465 1405 4142">
     <span class='ocr_line' id='line_1_32' title="bbox 312 3465 1403 3536; baseline -0.002 -19"><span class='ocrx_word' id='word_1_259' title='bbox 312 3468 366 3531; x_wconf 88' lang='lat' dir='ltr'><strong>puli</strong></span> <span class='ocrx_word' id='word_1_260' title='bbox 379 3468 487 3519; x_wconf 78' lang='lat' dir='ltr'><strong>Romani</strong></span> <span class='ocrx_word' id='word_1_261' title='bbox 504 3469 550 3520; x_wconf 87' lang='lat' dir='ltr'><strong>snb</strong></span> <span class='ocrx_word' id='word_1_262' title='bbox 562 3476 627 3521; x_wconf 87' lang='lat' dir='ltr'><strong>nutu</strong></span> <span class='ocrx_word' id='word_1_263' title='bbox 639 3478 718 3536; x_wconf 78' lang='lat' dir='ltr'><strong>etque</strong></span> <span class='ocrx_word' id='word_1_264' title='bbox 729 3470 839 3534; x_wconf 86' lang='lat' dir='ltr'><strong>imperio</strong></span> <span class='ocrx_word' id='word_1_265' title='bbox 909 3478 921 3504; x_wconf 73' lang='lat'><strong><em>⁶</em></strong></span> <span class='ocrx_word' id='word_1_266' title='bbox 938 3472 1058 3520; x_wconf 78' lang='lat' dir='ltr'><strong>Nodosnm</strong></span> <span class='ocrx_word' id='word_1_267' title='bbox 1072 3467 1185 3518; x_wconf 75' lang='lat' dir='ltr'><strong>ecmloitc</strong></span> <span class='ocrx_word' id='word_1_268' title='bbox 1194 3465 1290 3530; x_wconf 59' lang='lat' dir='ltr'><strong>amem]</strong></span> <span class='ocrx_word' id='word_1_269' title='bbox 1306 3466 1403 3516; x_wconf 76' lang='lat' dir='ltr'><strong>Brutus</strong></span> 
     </span>
     <span class='ocr_line' id='line_1_33' title="bbox 312 3543 1403 3606; baseline -0.002 -14"><span class='ocrx_word' id='word_1_270' title='bbox 312 3543 418 3593; x_wconf 68' lang='lat' dir='ltr'><strong>essent!</strong></span> <span class='ocrx_word' id='word_1_271' title='bbox 877 3543 1089 3606; x_wconf 70' lang='lat' dir='ltr'><strong>sndoscmlegi13</strong></span> <span class='ocrx_word' id='word_1_272' title='bbox 1114 3557 1258 3592; x_wconf 78' lang='lat' dir='ltr'><strong>numerosum</strong></span> <span class='ocrx_word' id='word_1_273' title='bbox 1291 3543 1403 3606; x_wconf 85' lang='lat' dir='ltr'><strong>Lipsius,</strong></span> 
     </span>
     <span class='ocr_line' id='line_1_34' title="bbox 344 3617 1402 3685; baseline -0.002 -17"><span class='ocrx_word' id='word_1_274' title='bbox 344 3618 357 3652; x_wconf 77' lang='lat'><strong>¹¹</strong></span> <span class='ocrx_word' id='word_1_275' title='bbox 369 3620 483 3670; x_wconf 74' lang='lat' dir='ltr'><strong>Camillus</strong></span> <span class='ocrx_word' id='word_1_276' title='bbox 490 3626 514 3669; x_wconf 81' lang='lat' dir='ltr'><strong>et</strong></span> <span class='ocrx_word' id='word_1_277' title='bbox 520 3619 682 3684; x_wconf 79' lang='lat' dir='ltr'><strong>Posthcminc]</strong></span> <span class='ocrx_word' id='word_1_278' title='bbox 700 3621 838 3670; x_wconf 84' lang='lat' dir='ltr'><strong>M.Furius</strong></span> <span class='ocrx_word' id='word_1_279' title='bbox 878 3621 950 3685; x_wconf 82' lang='lat' dir='ltr'><strong>quusi</strong></span> <span class='ocrx_word' id='word_1_280' title='bbox 959 3620 1029 3669; x_wconf 81' lang='lat' dir='ltr'><strong>dieat</strong></span> <span class='ocrx_word' id='word_1_281' title='bbox 1039 3619 1148 3668; x_wconf 87' lang='lat' dir='ltr'><strong>Censor:</strong></span> <span class='ocrx_word' id='word_1_282' title='bbox 1166 3619 1174 3645; x_wconf 85' lang='lat'>‘</span> <span class='ocrx_word' id='word_1_283' title='bbox 1188 3617 1278 3667; x_wconf 88' lang='lat' dir='ltr'><strong>Multis</strong></span> <span class='ocrx_word' id='word_1_284' title='bbox 1290 3617 1362 3666; x_wconf 85' lang='lat' dir='ltr'><strong>nodis</strong></span> <span class='ocrx_word' id='word_1_285' title='bbox 1375 3617 1402 3666; x_wconf 88' lang='lat' dir='ltr'><strong>in</strong></span> 
     </span>
     <span class='ocr_line' id='line_1_35' title="bbox 312 3692 1404 3762; baseline -0.005 -16"><span class='ocrx_word' id='word_1_286' title='bbox 312 3697 445 3760; x_wconf 78' lang='lat' dir='ltr'><strong>Camillus,</strong></span> <span class='ocrx_word' id='word_1_287' title='bbox 460 3697 493 3746; x_wconf 86' lang='lat' dir='ltr'><strong>de</strong></span> <span class='ocrx_word' id='word_1_288' title='bbox 506 3712 555 3762; x_wconf 87' lang='lat' dir='ltr'><strong>quo</strong></span> <span class='ocrx_word' id='word_1_289' title='bbox 566 3695 610 3745; x_wconf 89' lang='lat' dir='ltr'><strong>lib.</strong></span> <span class='ocrx_word' id='word_1_290' title='bbox 623 3710 642 3746; x_wconf 89' lang='lat'><strong>1.</strong></span> <span class='ocrx_word' id='word_1_291' title='bbox 659 3710 683 3746; x_wconf 89' lang='lat' dir='ltr'><strong>c.</strong></span> <span class='ocrx_word' id='word_1_292' title='bbox 695 3702 719 3745; x_wconf 81' lang='lat'><strong>6.</strong></span> <span class='ocrx_word' id='word_1_293' title='bbox 736 3701 796 3747; x_wconf 69' lang='lat' dir='ltr'><strong>nt.</strong></span> <span class='ocrx_word' id='word_1_294' title='bbox 810 3705 839 3748; x_wconf 88' lang='lat' dir='ltr'><strong>et</strong></span> <span class='ocrx_word' id='word_1_295' title='bbox 877 3696 967 3745; x_wconf 87' lang='lat' dir='ltr'><strong>loculis</strong></span> <span class='ocrx_word' id='word_1_296' title='bbox 978 3696 1120 3742; x_wconf 79' lang='lat' dir='ltr'><strong>abstrusam</strong></span> <span class='ocrx_word' id='word_1_297' title='bbox 1140 3693 1234 3757; x_wconf 84' lang='lat' dir='ltr'><strong>stipem</strong></span> <span class='ocrx_word' id='word_1_298' title='bbox 1252 3693 1377 3742; x_wconf 79' lang='lat' dir='ltr'><strong>exsolvite</strong></span> <span class='ocrx_word' id='word_1_299' title='bbox 1385 3692 1404 3753; x_wconf 78' lang='lat'><strong>;&#39;</strong></span> 
     </span>
     <span class='ocr_line' id='line_1_36' title="bbox 315 3769 1403 3834; baseline -0.006 -12"><span class='ocrx_word' id='word_1_300' title='bbox 315 3773 355 3822; x_wconf 88' lang='lat' dir='ltr'><strong>M.</strong></span> <span class='ocrx_word' id='word_1_301' title='bbox 367 3773 533 3824; x_wconf 83' lang='lat' dir='ltr'><strong>Posthumius</strong></span> <span class='ocrx_word' id='word_1_302' title='bbox 544 3770 655 3821; x_wconf 82' lang='lat' dir='ltr'><strong>Albinus</strong></span> <span class='ocrx_word' id='word_1_303' title='bbox 678 3773 837 3834; x_wconf 85' lang='lat' dir='ltr'><strong>Regillensis.</strong></span> <span class='ocrx_word' id='word_1_304' title='bbox 877 3771 916 3820; x_wconf 76' lang='lat' dir='ltr'><strong>its</strong></span> <span class='ocrx_word' id='word_1_305' title='bbox 934 3770 1047 3819; x_wconf 72' lang='lat' dir='ltr'><strong>Badius:</strong></span> <span class='ocrx_word' id='word_1_306' title='bbox 1072 3770 1121 3832; x_wconf 81' lang='lat' dir='ltr'><strong>rel,</strong></span> <span class='ocrx_word' id='word_1_307' title='bbox 1137 3769 1145 3796; x_wconf 92' lang='lat'>‘</span> <span class='ocrx_word' id='word_1_308' title='bbox 1163 3769 1269 3832; x_wconf 86' lang='lat' dir='ltr'><strong>pendite</strong></span> <span class='ocrx_word' id='word_1_309' title='bbox 1285 3781 1403 3818; x_wconf 83' lang='lat' dir='ltr'><strong>numero·</strong></span> 
     </span>
     <span class='ocr_line' id='line_1_37' title="bbox 312 3847 1403 3915; baseline -0.005 -15"><span class='ocrx_word' id='word_1_310' title='bbox 312 3849 398 3900; x_wconf 75' lang='lat' dir='ltr'><strong>Livius</strong></span> <span class='ocrx_word' id='word_1_311' title='bbox 409 3850 511 3915; x_wconf 85' lang='lat' dir='ltr'><strong>quidem</strong></span> <span class='ocrx_word' id='word_1_312' title='bbox 528 3855 615 3898; x_wconf 84' lang='lat' dir='ltr'><strong>omnes</strong></span> <span class='ocrx_word' id='word_1_313' title='bbox 633 3847 722 3897; x_wconf 86' lang='lat' dir='ltr'><strong>horum</strong></span> <span class='ocrx_word' id='word_1_314' title='bbox 739 3854 836 3913; x_wconf 88' lang='lat' dir='ltr'><strong>tempo·</strong></span> <span class='ocrx_word' id='word_1_315' title='bbox 876 3863 930 3897; x_wconf 83' lang='lat' dir='ltr'><strong>snm</strong></span> <span class='ocrx_word' id='word_1_316' title='bbox 942 3849 1034 3912; x_wconf 86' lang='lat' dir='ltr'><strong>stipem</strong></span> <span class='ocrx_word' id='word_1_317' title='bbox 1046 3848 1072 3896; x_wconf 91' lang='lat' dir='ltr'><strong>in</strong></span> <span class='ocrx_word' id='word_1_318' title='bbox 1084 3861 1156 3896; x_wconf 81' lang='lat' dir='ltr'><strong>:reum</strong></span> <span class='ocrx_word' id='word_1_319' title='bbox 1165 3850 1403 3908; x_wconf 71' lang='lat' dir='ltr'><strong>nnmcroeae·poote·</strong></span> 
     </span>
     <span class='ocr_line' id='line_1_38' title="bbox 311 3917 1405 3986; baseline -0.005 -12"><span class='ocrx_word' id='word_1_320' title='bbox 311 3939 367 3974; x_wconf 81' lang='lat' dir='ltr'><strong>rum</strong></span> <span class='ocrx_word' id='word_1_321' title='bbox 376 3923 601 3982; x_wconf 83' lang='lat' dir='ltr'><strong>Censoresomisit,</strong></span> <span class='ocrx_word' id='word_1_322' title='bbox 611 3933 733 3974; x_wconf 85' lang='lat' dir='ltr'><strong>eteorum</strong></span> <span class='ocrx_word' id='word_1_323' title='bbox 742 3933 836 3975; x_wconf 86' lang='lat' dir='ltr'><strong>utrum·</strong></span> <span class='ocrx_word' id='word_1_324' title='bbox 877 3924 987 3984; x_wconf 54' lang='lat' dir='ltr'><strong>citatis?</strong></span> <span class='ocrx_word' id='word_1_325' title='bbox 1010 3923 1048 3972; x_wconf 83' lang='lat' dir='ltr'><strong>ite</strong></span> <span class='ocrx_word' id='word_1_326' title='bbox 1068 3922 1183 3986; x_wconf 83' lang='lat' dir='ltr'><strong>Lipsius.</strong></span> <span class='ocrx_word' id='word_1_327' title='bbox 1216 3919 1308 3968; x_wconf 82' lang='lat' dir='ltr'><strong>Utrum</strong></span> <span class='ocrx_word' id='word_1_328' title='bbox 1330 3917 1405 3981; x_wconf 76' lang='lat' dir='ltr'><strong>sequti</strong></span> 
     </span>
     <span class='ocr_line' id='line_1_39' title="bbox 313 4000 1050 4064; baseline 0.001 -18"><span class='ocrx_word' id='word_1_329' title='bbox 313 4000 838 4064; x_wconf 76' lang='lat' dir='ltr'><strong>queinter&#39;lrihnnosmilitaresnumerct3</strong></span> <span class='ocrx_word' id='word_1_330' title='bbox 876 4002 960 4062; x_wconf 82' lang='lat' dir='ltr'><strong>melis,</strong></span> <span class='ocrx_word' id='word_1_331' title='bbox 974 4001 1050 4064; x_wconf 81' lang='lat' dir='ltr'><strong>elige.</strong></span> 
     </span>
     <span class='ocr_line' id='line_1_40' title="bbox 289 4067 1401 4142; baseline 0 -22"><span class='ocrx_word' id='word_1_332' title='bbox 289 4074 416 4123; x_wconf 78' lang='lat' dir='ltr'><strong>&#39;constet</strong></span> <span class='ocrx_word' id='word_1_333' title='bbox 426 4083 512 4124; x_wconf 79' lang='lat' dir='ltr'><strong>tumen</strong></span> <span class='ocrx_word' id='word_1_334' title='bbox 523 4090 556 4124; x_wconf 86' lang='lat' dir='ltr'><strong>ex</strong></span> <span class='ocrx_word' id='word_1_335' title='bbox 568 4077 701 4127; x_wconf 80' lang='lat' dir='ltr'><strong>Fastorum</strong></span> <span class='ocrx_word' id='word_1_336' title='bbox 713 4078 837 4142; x_wconf 79' lang='lat' dir='ltr'><strong>Capitoli·</strong></span> <span class='ocrx_word' id='word_1_337' title='bbox 908 4076 924 4106; x_wconf 76' lang='lat'>&#39;</span> <span class='ocrx_word' id='word_1_338' title='bbox 941 4077 991 4126; x_wconf 83' lang='lat' dir='ltr'><strong>An.</strong></span> <span class='ocrx_word' id='word_1_339' title='bbox 1002 4077 1039 4124; x_wconf 91' lang='lat' dir='ltr'><strong>M.</strong></span> <span class='ocrx_word' id='word_1_340' title='bbox 1050 4077 1124 4123; x_wconf 75' lang='lat'><strong>8651.</strong></span> <span class='ocrx_word' id='word_1_341' title='bbox 1162 4069 1206 4118; x_wconf 89' lang='grc'><strong>01.</strong></span> <span class='ocrx_word' id='word_1_342' title='bbox 1219 4071 1297 4118; x_wconf 66' lang='lat' dir='ltr'><strong>tm.</strong></span> <span class='ocrx_word' id='word_1_343' title='bbox 1334 4067 1401 4120; x_wconf 72' lang='lat' dir='ltr'><strong>um</strong></span> 
     </span>
    </p>
   </div>
   <div class='ocr_carea' id='block_1_10' title="bbox 313 4147 1404 4284">
    <p class='ocr_par' dir='ltr' id='par_1_11' title="bbox 313 4147 1404 4284">
     <span class='ocr_line' id='line_1_41' title="bbox 313 4147 1192 4212; baseline -0.003 -18"><span class='ocrx_word' id='word_1_344' title='bbox 313 4158 402 4194; x_wconf 84' lang='lat' dir='ltr'><strong>uorum</strong></span> <span class='ocrx_word' id='word_1_345' title='bbox 424 4147 575 4212; x_wconf 73' lang='lat' dir='ltr'><strong>fragmentis</strong></span> <span class='ocrx_word' id='word_1_346' title='bbox 600 4153 689 4204; x_wconf 76' lang='lat' dir='ltr'><strong>ambos</strong></span> <span class='ocrx_word' id='word_1_347' title='bbox 711 4154 836 4204; x_wconf 78' lang='lat' dir='ltr'><strong>Censores</strong></span> <span class='ocrx_word' id='word_1_348' title='bbox 877 4153 906 4202; x_wconf 93' lang='lat' dir='ltr'><strong>C.</strong></span> <span class='ocrx_word' id='word_1_349' title='bbox 919 4157 976 4201; x_wconf 73' lang='lat'><strong>350.</strong></span> <span class='ocrx_word' id='word_1_350' title='bbox 1004 4147 1192 4198; x_wconf 71' lang='lat' dir='ltr'><strong>Antehtoi.</strong></span> 
     </span>
     <span class='ocr_line' id='line_1_42' title="bbox 314 4217 1404 4284; baseline 0.001 -15"><span class='ocrx_word' id='word_1_351' title='bbox 314 4217 403 4270; x_wconf 84' lang='lat' dir='ltr'><strong>hrisse.</strong></span> <span class='ocrx_word' id='word_1_352' title='bbox 907 4223 974 4284; x_wconf 58' lang='lat' dir='ltr'><strong>lM.</strong></span> <span class='ocrx_word' id='word_1_353' title='bbox 997 4221 1103 4272; x_wconf 79' lang='lat' dir='ltr'><strong>Valerius</strong></span> <span class='ocrx_word' id='word_1_354' title='bbox 1125 4219 1196 4268; x_wconf 77' lang='lat' dir='ltr'><strong>Mus.</strong></span> <span class='ocrx_word' id='word_1_355' title='bbox 1217 4223 1240 4268; x_wconf 82' lang='lat' dir='ltr'><strong>et</strong></span> <span class='ocrx_word' id='word_1_356' title='bbox 1263 4218 1292 4268; x_wconf 85' lang='lat' dir='ltr'><strong>C.</strong></span> <span class='ocrx_word' id='word_1_357' title='bbox 1313 4218 1404 4270; x_wconf 72' lang='lat' dir='ltr'><strong>dusino</strong></span> 
     </span>
    </p>
   </div>
   <div class='ocr_carea' id='block_1_11' title="bbox 0 0 1612 5170">
    <p class='ocr_par' dir='ltr' id='par_1_12' title="bbox 0 0 1612 5170">
     <span class='ocr_line' id='line_1_43' title="bbox 0 0 1612 5170; baseline 0 0"><span class='ocrx_word' id='word_1_358' title='bbox 0 0 1612 5170; x_wconf 95' lang='lat' dir='ltr'><strong> </strong></span> 
     </span>
    </p>
   </div>
  </div>
 </body>
</html>
