3432 5236
354 427 397 496 88
745 445 793 494 nu
817 443 1057 494 nouuuouuu

354 591 431 656 pulo:
450 590 483 640 ab
502 588 620 648 Augusto
641 583 745 633 taudem
773 585 880 632 ceteris·
920 583 993 633 uari:
1011 583 1173 646 auguriorum
1192 585 1258 634 euim
1277 587 1390 651 quinqua
1402 589 1456 649 po·'

352 681 403 731 quc
412 661 621 726 imperatoribus,
631 660 694 707 iicet
703 658 752 720 ipsi
760 657 880 719 Augures
921 660 1045 708 tissimum
1062 673 1156 722 genera
1167 670 1352 721 recensentur3
1370 674 1447 710 uuum

352 756 404 791 uon
416 746 512 798 essent,
529 741 689 799 usurpatum.
716 747 754 782 ιν.
773 733 814 782 Ad
827 733 879 782 Au·
920 735 1023 796 ecoelo,
1038 735 1148 783 alterum
1170 749 1202 784 ex
1225 736 1323 798 ssibus,
1340 737 1446 786 tertium

353 829 428 879 gures
450 813 576 875 pertinuit
598 825 631 860 ex
652 816 731 859 cautu
759 811 879 859 volatuue
920 824 952 858 ex
961 810 1046 874 pullis,
1056 818 1176 871 quartum
1186 812 1447 875 exquadrupedibus,

352 893 446 952 arium,
462 900 507 937 aut
518 903 551 936 ex
563 888 688 951 pullorum
707 887 828 949 tripudiis
840 885 879 934 fu·
919 887 1036 951 quintum
1048 900 1080 935 ex
1091 886 1154 935 diris
1167 888 1221 944 peti
1232 887 1341 935 solebat.
1371 888 1447 946 Qure,

353 975 412 1016 tura
433 965 587 1028 praesugirer
610 963 643 1012 de
663 963 798 1026 prodigiis,
814 977 880 1010 som·
919 976 952 1010 ne
964 963 1064 1024 longior
1078 962 1135 1022 sim,
1150 976 1208 1010 cum
1223 961 1257 1010 de
1276 962 1314 1011 bis
1331 963 1447 1009 uounibil

351 1041 410 1101 niis,
442 1038 580 1101 portentis,
612 1037 722 1086 oraculis
755 1051 880 1099 responsa
919 1036 1028 1085 dixerim
1047 1037 1073 1085 iu
1092 1037 1171 1100 nobs,
1188 1038 1304 1088 breuiter
1321 1035 1446 1085 iudicasse

352 1116 424 1177 dare,
438 1113 549 1178 quidque
561 1128 608 1177 per
619 1125 650 1161 ea
659 1113 821 1175 Reipublicae
833 1118 879 1161 aut
920 1111 983 1162 sutis
994 1113 1053 1162 erit.

352 1189 413 1240 boui
428 1189 543 1239 animali
563 1187 769 1252 portenderetur,
788 1188 878 1237 vatici·

770 1349 1031 1438 'eminuas

385 1537 405 1572 r.
418 1523 604 1581 Fnsnsrurnus,
613 1523 653 1570 rel
666 1522 747 1586 pileus
759 1536 809 1586 quo
821 1529 878 1572 ute·
919 1522 1011 1584 creari,
1026 1521 1172 1587 inaugurari
1189 1538 1204 1570 a
1220 1519 1349 1572 Pontifice
1360 1520 1445 1570 Maxi·

351 1600 453 1662 busur,
464 1607 492 1646 nt
502 1598 559 1647 vult
570 1599 736 1660 Plutarchus,
745 1602 785 1648 vel
797 1597 878 1659 filum,
918 1612 971 1659 mo,
996 1605 1024 1647 et
1044 1599 1145 1663 siquid
1167 1599 1312 1648 admisisset
1332 1598 1448 1656 sceleris,

350 1690 402 1739 quo
422 1683 502 1738 caput
521 1673 634 1723 redimiti
649 1680 733 1738 eraut,
749 1680 777 1723 ut
788 1683 878 1724 auctor
917 1678 991 1728 abire
1008 1677 1138 1727 flaminio:
1157 1679 1212 1727 lraeo
1230 1691 1292 1724 vero
1312 1675 1349 1724 illi
1369 1675 1445 1737 pleno

350 1751 488 1810 estVarrn,
500 1764 594 1798 nomeu
604 1748 683 1798 fecit:
696 1751 754 1799 illos
765 1764 816 1798 nou
827 1751 877 1798 Ro·
919 1753 1067 1816 singularia,
1082 1754 1185 1813 lictore,
1197 1753 1262 1801 sella
1272 1751 1354 1799 curuli
1366 1750 1446 1811 regia,

350 1826 442 1886 mulus,
458 1825 526 1889 quod
537 1825 641 1888 scripsit
652 1826 814 1888 Plutarchus,
831 1826 878 1875 sed
919 1837 946 1877 et
957 1837 1030 1878 veste
1043 1829 1136 1891 insigni
1148 1829 1203 1888 uti;
1221 1829 1345 1888 vinctum,
1357 1827 1378 1873 si
1389 1827 1445 1888 ejus

350 1903 445 1962 Numa,
460 1901 571 1950 testibus
591 1903 718 1965 Dionysio
745 1909 772 1951 et
795 1903 877 1966 Livio,
919 1905 987 1954 edes
1002 1904 1140 1965 introierit,
1155 1905 1269 1964 soluere;
1287 1917 1367 1962 reum,
1380 1902 1401 1949 si
1413 1900 1446 1950 ad

349 1979 476 2028 instituit:
490 1993 547 2027 cum
559 1979 626 2027 enim
636 1979 739 2027 videret
749 1979 834 2040 Reges
845 1978 879 2027 ab
919 1981 976 2044 ejus
995 1979 1075 2043 pedes
1096 1979 1273 2043 procubuerit,
1296 1977 1446 2027 verberibus

349 2055 414 2104 urbe
427 2055 488 2104 belli
507 2055 614 2118 gerendi
634 2070 713 2104 causa
729 2056 878 2118 saepius-ub·
919 2069 950 2104 en
962 2056 1004 2104 die
1024 2055 1170 2119 probibere,
1186 2054 1224 2103 illi
1243 2054 1386 2102 exercitum
1406 2068 1447 2102 ar-

348 2131 465 2191 iuturos3
483 2131 879 2194 uesacraregiaevicisdesere·
918 2139 1015 2182 matum
1039 2132 1201 2195 conspicere,
1223 2135 1323 2194 jurare,
1350 2129 1445 2178 annulo

348 2212 448 2267 rentur,
466 2205 608 2254 Flamiuem
619 2206 679 2256 Jovi
695 2208 822 2256 assiduum
833 2209 878 2257 Sa·
919 2210 966 2272 uti,
984 2210 1166 2271 Magistratum
1185 2208 1264 2255 ullum
1282 2215 1327 2256 aut
1346 2217 1447 2269 petere,

349 2281 480 2330 ccrdntem
492 2282 608 2331 creauit:
625 2281 685 2331 huic
696 2283 760 2332 duos
772 2283 879 2343 adjecit,
919 2292 965 2331 aut
976 2297 1068 2344 gerere
1088 2281 1161 2330 nefas
1182 2281 1240 2328 fuit.
1273 2283 1359 2329 Multo
1371 2284 1446 2344 plura

349 2359 431 2406 Marti
454 2373 540 2421 rrnrrm,
559 2358 667 2407 alterum
688 2358 816 2415 Quirino,
833 2357 878 2404 de·
918 2356 1109 2405 refertGellius
1118 2356 1161 2404 lib.
1172 2369 1231 2403 xvr.
1243 2369 1302 2418 cap.
1310 2361 1349 2404 15.
1361 2372 1446 2420 quem,

345 2429 409 2482 'inde
420 2434 555 2483 duodecim
567 2434 591 2482 in
608 2434 745 2481 multorum
763 2431 877 2478 Deorum
889 2433 893 2440 '
918 2432 938 2478 si
950 2431 1006 2493 quis
1017 2431 1073 2478 haec
1084 2431 1157 2492 cupit
1168 2431 1243 2488 scire,
1255 2433 1381 2479 consulat.
1403 2446 1446 2482 111.

346 2509 480 2570 honorem,
497 2511 540 2558 alii
555 2508 612 2556 aliis
625 2504 783 2567 temporibus
796 2503 876 2552 additi
917 2506 1023 2555 Flamen
1042 2505 1124 2553 Dialis
1143 2519 1158 2552 a
1175 2505 1267 2564 Nmpae
1286 2505 1445 2566 temporibus

348 2591 417 2648 suut,
433 2585 546 2648 ejusdem
569 2581 673 2646 quidem
695 2580 813 2640 nominis,
829 2579 876 2628 sed
916 2596 1014 2630 summo
1026 2595 1127 2644 semper
1139 2581 1164 2628 in
1176 2580 1274 2628 bonore
1285 2577 1334 2628 fuit
1345 2581 1378 2629 ad
1391 2581 1446 2630 bel-

347 2675 399 2710 uon
422 2660 536 2725 ejusdem
566 2656 716 2720 diguitatis:
745 2655 813 2705 uude
839 2655 877 2704 illi
916 2658 941 2706 lu
952 2673 1033 2723 usque
1045 2657 1133 2705 civilia
1144 2656 1223 2705 Marii
1237 2657 1371 2720 etSyllae3
1389 2666 1445 2707 tum

349 2737 482 2799 Majnres;
510 2736 536 2785 hi
564 2749 628 2784 uero
659 2733 776 2782 Minores
799 2733 877 2796 vulgo
918 2733 987 2782 enim
999 2734 1074 2796 pulso·
1087 2733 1118 2783 C.
1131 2734 1243 2796 Caesare,
1260 2733 1304 2796 qui
1324 2735 1444 2784 sacerdo·

348 2811 413 2859 dicti
436 2817 505 2872 sunt,
529 2811 597 2873 quod
616 2810 652 2858 illi
671 2815 699 2859 et
719 2809 876 2873 antiquiores
918 2810 981 2858 tium
993 2809 1056 2858 illud
1072 2810 1149 2859 etiam
1170 2815 1223 2857 trum
1238 2809 1342 2871 juvenis
1354 2810 1444 2860 Cinuae

347 2892 436 2936 esseut
448 2892 476 2935 et
486 2885 606 2948 Patricii,
621 2884 720 2934 bivero
740 2892 769 2934 et
788 2899 875 2934 recen·
917 2900 998 2950 gener
1008 2886 1117 2948 adeptus
1129 2885 1225 2947 suerat,
1242 2900 1257 2935 a
1272 2886 1343 2949 Sylla
1359 2887 1446 2936 subla-

347 2962 429 3011 tiores
438 2968 466 3010 et
475 2960 579 3024 plebeii.
597 2974 628 3010 rr.
645 2959 683 3009 At
693 2961 787 3010 ceteris
798 2961 877 3010 omui·
917 2969 959 3010 tus
970 2969 1020 3024 est,
1035 2971 1097 3026 post
1112 2976 1192 3010 annos
1211 2961 1270 3023 plus
1288 2962 1372 3010 miuus
1384 2977 1443 3011 ceu-

346 3037 406 3100 bus,
423 3051 480 3086 cum
495 3035 714 3086 auctoritatetum
726 3036 878 3101 insignibus,
917 3043 971 3087 tum
983 3039 1016 3087 ab
1033 3036 1151 3102 Augusto
1166 3037 1311 3101 restitutus,
1325 3039 1444 3088 Theodo-

348 3114 425 3174 louge
437 3112 519 3162 Dialis
530 3113 670 3174 praestitit:
687 3113 728 3162 cui
745 3129 803 3163 cum
820 3115 877 3164 aliis
917 3116 948 3166 sii
960 3116 1065 3166 taudem
1085 3124 1166 3166 aetate
1184 3129 1313 3165 unacum
1331 3116 1386 3166 aliis
1397 3117 1445 3166 Sa·

348 3202 481 3240 commune
506 3186 558 3238 fuit
579 3188 605 3237 in
634 3188 744 3239 comitiis
774 3188 877 3240 tributis
917 3191 1066 3241 cerdntibus
1076 3191 1161 3240 desiit.

769 3375 1022 3443 VESTALES.

378 3539 399 3573 1.
415 3525 508 3575 Sueten
517 3527 606 3576 Vestra
624 3524 651 3574 iu
669 3523 775 3573 Italiam
794 3521 874 3574 fuisse
914 3533 976 3575 mat.
994 3540 1025 3575 rr.
1042 3524 1155 3574 Vestalis
1173 3524 1241 3574 euim
1256 3523 1374 3588 legendae
1392 3528 1443 3591 pri·

346 3600 494 3663 aTrojanis
505 3601 625 3662 adducta,
636 3598 810 3664 templumque
823 3601 875 3662 pri·
913 3615 981 3649 mum
1000 3615 1081 3664 penes
1101 3601 1185 3664 Reges
1200 3601 1244 3664 jus
1263 3608 1329 3664 erat,
1347 3603 1442 3650 deindo

346 3693 414 3728 mum
427 3681 535 3730 Lanuvii
546 3680 578 3728 ab
590 3679 677 3741 AEnea,
688 3677 785 3726 turneb
797 3679 874 3727 Asca·
914 3691 994 3740 penes
1010 3676 1166 3726 Pontificem
1183 3677 1334 3738 Maximum,
1350 3676 1441 3740 quibus

345 3755 389 3804 uic
408 3757 433 3804 iu
450 3756 553 3805 Albano
577 3762 665 3804 moute
688 3755 737 3817 ipsi
759 3753 873 3803 dicatum
914 3761 1000 3803 tamen
1018 3768 1069 3802 nou
1086 3768 1161 3817 quarn
1173 3753 1268 3802 liberet
1289 3766 1382 3815 capere
1403 3752 1441 3798 in·

345 3837 465 3879 auctores
474 3833 589 3896 plerique
598 3844 685 3878 ornnes
694 3831 872 3879 consentiunt:
915 3837 1017 3894 tegrmu
1049 3828 1115 3878 fuit:
1144 3832 1202 3894 lege
1232 3831 1300 3879 euim
1336 3835 1441 3878 cautum

344 3909 404 3951 uter
415 3920 476 3954 vero
488 3907 576 3955 Romus
590 3907 710 3954 Vestales
722 3904 875 3967 instituerit,
916 3913 982 3969 erat,
999 3920 1031 3954 ue
1056 3919 1107 3969 (pua
1129 3915 1267 3970 putreant
1296 3919 1370 3954 servo
1394 3912 1441 3955 aut

346 3981 470 4032 Romulus
495 3999 527 4032 nu
547 3984 641 4046 Numa,
659 3984 727 4033 iuter
746 3983 802 4032 illos
824 3998 875 4032 nou
915 3981 1011 4031 liberto
1038 3988 1110 4042 ueta,
1132 3990 1178 4032 aut
1207 3981 1296 4047 quasis
1324 3982 1441 4044 corporis

346 4060 482 4108 conuenit:
500 4073 549 4121 ego
570 4061 697 4125 Dionysio
719 4075 795 4126 quam
816 4062 874 4110 aliis
913 4059 971 4107 labe
1004 4057 1137 4120 deformis,
1157 4062 1203 4106 aut
1231 4057 1304 4104 aunis
1331 4057 1372 4105 rel
1394 4073 1441 4107 sex

344 4134 497 4182 assenserim
519 4135 651 4197 libentius,
675 4138 718 4201 qui
746 4153 761 4186 a
789 4137 876 4186 Numa
914 4134 1006 4194 minor,
1021 4136 1063 4182 vel
1084 4135 1165 4196 major
1186 4132 1276 4180 decem
1294 4131 1439 4194 legeretur:

346 4213 447 4256 creatas
467 4213 587 4271 quatuor,
612 4219 639 4259 et
660 4213 790 4277 aliquanto
815 4219 875 4275 post
915 4209 956 4259 cui
984 4223 1045 4258 nero
1075 4217 1121 4258 ant
1149 4221 1221 4256 soror
1244 4205 1300 4269 jam
1322 4209 1443 4275 Vestalis,

345 4281 795 4346 duasuTarquininPriseoadditas
807 4285 874 4339 affir·
915 4293 961 4337 aut
981 4292 1057 4352 pater
1087 4285 1186 4350 Augrrr,
1208 4285 1324 4349 Flamen,
1348 4286 1442 4351 Salius,
