3214 5170
314 443 381 510 82⁰
616 453 774 506 vannau
798 452 945 503 usxrm
971 449 1041 500 nrn.
1063 451 1105 501 rr.

313 605 435 670 linibus
450 599 579 682 inperii
592 597 806 681 pellebatur!
850 595 918 660 Sed
938 601 973 669 et
985 597 1045 660 rex
1059 595 1262 662 lacessitns⁶
1284 597 1404 683 majos*

312 715 411 772 tatem
424 701 691 766 excellentissimi
706 698 770 764 viri
784 697 949 773 venerari,
963 715 1061 779 quam
1078 696 1225 763 dolorem
1240 719 1338 764 suu-m
1354 701 1405 764 ul·

313 805 407 882 cisni,
422 803 548 868 maluit.
591 801 647 865 Ad
664 800 857 865 Africanum
870 799 1025 876 eundem,
1041 799 1074 861 in
1091 799 1280 863 Litemina⁷
1302 801 1407 866 villa¹

313 927 350 970 se
366 905 597 979 continentem,
610 902 797 984 complures
812 901 1010 983 praedonnm
1030 899 1134 964 duces
1153 902 1333 966 videndum
1347 922 1405 967 eo-

313 1008 385 1072 dem
403 1016 548 1088 tempore
563 1003 646 1066 sorte
661 1001 899 1067 confluxerant.
945 999 1041 1080 Quos
1056 1022 1131 1066 oum
1159 1001 1201 1065 ad
1227 1003 1294 1066 rim
1319 1003 1406 1066 suei-

312 1107 431 1171 aadam
461 1107 570 1169 venire
596 1104 836 1182 existimasset,
864 1103 1062 1186 praesidium
1087 1102 1347 1166 domesticomm
1369 1105 1404 1166 in

313 1213 403 1272 teoto
418 1206 615 1285 collocavit;
637 1211 774 1288 eratque
788 1206 824 1268 in
838 1203 890 1268 his
905 1203 1105 1287 repellendis
1117 1210 1152 1267 et
1167 1203 1277 1267 animo
1300 1208 1333 1267 et
1345 1215 1406 1287 op-v

313 1315 429 1391 paratu
460 1312 658 1390 occupatus.
704 1303 804 1382 Quod
829 1312 867 1368 ut
894 1305 1067 1388 praedones
1094 1304 1410 1389 animadverterunt,¹

313 1409 460 1474 dimissis
475 1409 635 1472 militibus
651 1405 861 1490 abjectisque
874 1405 989 1482 armis,
998 1405 1112 1488 januae
1127 1406 1405 1488 appropinquant,

314 1517 350 1574 et
364 1508 458 1572 clara
480 1527 560 1572 voce
583 1505 750 1572 nuntiant8
774 1506 937 1588 Scipioni,
960 1509 1044 1570 ‘non
1069 1507 1149 1572 vitae
1177 1507 1250 1590 ejus
1278 1507 1408 1585 hostes*

315 1612 374 1677 sed
391 1610 521 1675 virtutis
547 1608 766 1674 admiratores
781 1609 932 1672 venisse:
954 1616 1169 1692 conspectum
1192 1615 1229 1672 et
1254 1625 1408 1694 congres-

315 1733 390 1778 sum
409 1713 495 1776 tanti
509 1713 571 1776 viri
586 1712 685 1796 quasi
706 1711 844 1776 coeleste
865 1710 1002 1794 aliquod
1024 1711 1221 1775 beneficium
1248 1720 1407 1793 expeten-

315 1823 389 1879 tes:
410 1813 546 1898 proinde
571 1831 725 1876 securum
749 1831 786 1876 se
808 1812 930 1876 nobis⁹
951 1812 1168 1896 spectandum
1194 1814 1341 1894 praebere
1365 1829 1409 1876 ne

773 1989 950 2014 mmm

314 2082 330 2126 6
347 2077 465 2126 Perizon.
476 2091 508 2126 err
521 2074 578 2126 cod.
590 2075 706 2138 vestigiis
715 2076 797 2140 legit:
815 2077 862 2128 Sed
873 2083 897 2130 et
905 2092 950 2128 rea
960 2083 984 2128 et
995 2078 1117 2128 locassim
1124 2092 1133 2134 ,·
1150 2075 1225 2124 etsie
1243 2074 1320 2139 plane
1337 2074 1407 2124 held.

314 2145 389 2191 δ.-7
407 2141 459 2190 Pro
470 2141 595 2190 Liternina
607 2141 683 2190 codd.
695 2141 800 2204 habent,
811 2143 961 2205 Liaterar'aa,
972 2142 1098 2203 Distento,
1109 2139 1264 2202 masmar,
1274 2138 1407 2200 Liotcmr'a,

316 2206 477 2266 Leutermtaa,
492 2205 622 2264 Veliterno,
635 2207 675 2255 rel
690 2205 817 2269 Veliterno,
828 2208 896 2270 quod
909 2215 949 2256 est
960 2207 1038 2255 etiam
1050 2206 1075 2253 in
1089 2207 1160 2268 Mog.
1194 2203 1303 2267 Pighius
1314 2210 1344 2252 et
1355 2207 1405 2250 vet.

316 2269 374 2318 cod.
393 2269 466 2331 legit,
482 2283 507 2316 se
525 2275 658 2328 terrentem
674 2270 754 2318 ceteri
774 2284 861 2318 omnes
879 2271 954 2318 codd.
970 2285 995 2318 se
1012 2269 1184 2324 continentem:
1200 2269 1228 2316 e't
1248 2267 1286 2314 sic
1304 2267 1332 2314 in
1351 2264 1408 2315 edd.

316 2331 401 2394 arrtiq.
434 2331 517 2381 Paulo
538 2340 597 2394 post
615 2333 810 2398 qrratuordecim
831 2332 907 2380 codd.
925 2333 1032 2380 Torren.
1052 2345 1109 2378 cum
1126 2331 1201 2392 Mog.
1213 2331 1320 2378 Veneti.
1338 2333 1364 2378 4.
1385 2335 1408 2378 u.

316 2393 395 2444 Aldu.
407 2399 432 2445 2.
443 2399 467 2446 h.
478 2401 502 2445 ὅ.
513 2397 620 2446 Medici.
634 2402 659 2445 a.
671 2405 699 2444 ct
709 2395 809 2456 Gryph.
821 2398 846 2442 2.
856 2399 880 2442 o.
890 2398 914 2442 8.
923 2394 1147 2456 confluxerunt-8
1162 2393 1269 2456 Pighius
1278 2407 1310 2440 ex
1319 2393 1410 2442 Atreb.

313 2461 380 2508 clara
391 2459 595 2518 oeconomicam,
607 2459 710 2510 ¹onrlusis
728 2462 752 2504 et
771 2465 799 2505 et
818 2456 941 2518 sophat.-
957 2456 1110 2504 Perizonius
1127 2455 1195 2518 conj.
1211 2456 1346 2504 mahomes
1357 2457 1412 2507 Sci·

313 2525 398 2587 pioni:
415 2522 488 2573 leid.
508 2525 531 2568 6.
550 2521 629 2568 habet
648 2525 672 2568 ct
692 2520 828 2568 maara
846 2520 968 2582 Supioar':
986 2521 1048 2568 Vet.
1067 2521 1210 2569 antima
1242 2519 1340 2566 Brund.
1352 2533 1412 2568 cam

293 2645 295 2649 ,
316 2589 410 2638 ceteris
419 2582 536 2635 omnibus
548 2583 655 2631 Torren.
666 2590 694 2632 et
704 2583 763 2632 edd.
773 2585 856 2648 antiq.
867 2593 980 2632 nostram
992 2590 1122 2633 testantur
1133 2583 1279 2632 lectionem.
1305 2582 1413 2632 Deinde

316 2649 432 2701 nonnulli
441 2649 551 2697 'sorren
561 2660 586 2695 se
596 2662 643 2695 aon
651 2663 675 2696 o.
685 2662 706 2694 e.
717 2647 802 2710 hostes,
817 2664 838 2697 s.
849 2665 872 2698 o.
884 2663 909 2698 se
918 2649 1081 2706 admiratores,
1094 2650 1135 2710 tro.
1152 2647 1215 2696 item
1262 2653 1336 2696 anser
1344 2647 1413 2709 ejus-

318 2715 378 2764 dem
397 2727 454 2761 cunr
465 2713 538 2774 Mog.
556 2711 651 2773 aliquod
665 2716 807 2762 samaa—0
822 2713 928 2776 Pighius
945 2713 1031 2762 omisit
1047 2713 1123 2774 sotis,
1138 2719 1166 2761 et
1181 2711 1232 2760 ded
1244 2718 1255 2758 t
1271 2716 1414 2772 gemeretur

318 2775 587 2839 contraplarimornm
604 2774 681 2824 codd.
700 2773 792 2824 tidem:
810 2779 937 2827 nonnulla
958 2779 1019 2828 edd.
1038 2784 1103 2827 vett.
1118 2777 1279 2842 maxumas
1296 2773 1414 2836 malms:

318 2846 430 2905 quatuor
446 2840 554 2889 Torren.
576 2853 622 2888 saa
639 2845 770 2899 grandus:
786 2841 849 2890 Exn.
865 2843 956 2907 Steph.
977 2845 1043 2894 mois
1062 2843 1219 2907 spectaculum
1235 2837 1412 2903 maluae-1⁰

812 2993 920 3044 NOTAE

319 3127 384 3191 quit,
403 3126 456 3175 ‘ex
474 3123 650 3174 munificentia
672 3125 744 3188 regia
764 3125 845 3174 maxi·
886 3123 1051 3188 reducerent,
1073 3126 1160 3176 misit:
1188 3126 1282 3190 quibus
1307 3124 1409 3188 Scipio:

317 3216 386 3251 mura
408 3200 503 3250 donum
530 3199 611 3248 filiurn
631 3200 749 3262 habeb03
779 3201 846 3263 aliis,
886 3201 1078 3262 ‘Renuntists,'
1100 3201 1193 3266 inquit,
1212 3201 1327 3264 ‘gratias
1347 3199 1410 3264 Regi

317 3279 388 3328 Deos
416 3289 517 3339 precor,
541 3290 575 3325 ne
604 3291 717 3338 unquam
744 3275 846 3328 fortuna
886 3274 1410 3340 rueagerereferrsgratiarnetiamnunc

318 3360 472 3415 egestum,
482 3351 580 3400 enimus
596 3361 668 3402 certe
680 3365 730 3400 noa
742 3351 845 3414 egebit:
887 3365 939 3401 non
949 3366 1034 3415 posse,
1046 3365 1121 3414 qnam
1133 3353 1302 3415 atmodum,
1310 3365 1342 3400 ne
1352 3355 1409 3398 nats

319 3443 366 3491 pro
377 3434 450 3476 tauto
469 3427 496 3474 in
514 3440 557 3474 me
568 3440 673 3476 munere
693 3433 793 3490 gratnm
805 3441 846 3478 rne
888 3427 914 3476 in
926 3428 1007 3480 aciens
1018 3426 1167 3488 descendat,
1174 3443 1249 3492 qnam
1259 3435 1288 3478 ut
1297 3428 1323 3476 in
1331 3432 1412 3474 castra

318 3519 375 3554 esse
389 3505 417 3553 in
435 3518 463 3552 se
481 3503 587 3564 sentiet,
604 3504 624 3552 si
644 3505 771 3568 privatam
790 3519 847 3568 gra-
889 3502 1190 3552 rodnsemesudicritl
1222 3501 1431 3555 ltaIririrnlib.‘

319 3581 382 3630 tiam
392 3594 440 3644 pro
458 3579 560 3642 privato
580 3578 705 3632 beneficio
717 3579 847 3630 desidero·
889 3592 1001 3630 xxxvrr.

319 3655 376 3706 bu:
406 3654 511 3718 publice
530 3667 579 3704 nec
595 3654 696 3704 habebo
713 3655 849 3719 quicquam
921 3655 997 3707 *An
1008 3657 1047 3708 Μ.
1058 3660 1131 3708 8864.
1147 3656 1191 3707 01.
1204 3660 1259 3706 147.
1270 3661 1293 3708 3.
1309 3657 1370 3708 Urh.
1379 3653 1413 3704 C.

320 3733 419 3792 abillo,
432 3731 568 3782 necdabo.
601 3732 676 3784 Quod
690 3733 719 3784 in
737 3747 849 3797 praesen·
890 3734 947 3780 563.
965 3731 1158 3783 Annoums.
1310 3771 1313 3778 .
1408 3769 1412 3777 .

320 3808 430 3858 tlsdare
443 3807 848 3872 possim,tideleoonsilinmest=
921 3807 1080 3860 turcana
1099 3809 1169 3872 oilla]
1202 3811 1268 3861 Post
1292 3806 1415 3857 sonitum

321 3883 373 3947 ahi,
383 3883 474 3934 nuntia
490 3885 554 3934 meis
570 3883 667 3946 verbis,
688 3884 757 3935 bello
769 3884 850 3934 absis·
890 3885 1237 3950 Carthaginem‚viotumqne
1248 3899 1263 3932 a
1273 3879 1420 3932 fratremn

319 3967 369 4023 tat,
380 3961 452 4024 pacis
472 3961 647 4012 conditionem
666 3961 763 4012 nullam
777 3975 850 4011 reca-
891 3961 1015 4024 tiochum,
1035 3969 1172 4014 accusatus
1192 3957 1282 4018 scipio
1301 3953 1332 4002 in·
1350 3951 1420 4003 huno

321 4039 376 4089 set!
410 4041 445 4088 Et
456 4040 590 4104 aliquanto
601 4047 669 4103 post,
677 4039 721 4089 nbi
732 4039 852 4089 audisset
892 4037 979 4088 uillam
997 4051 1027 4088 se
1050 4035 1149 4098 recepit
1170 4043 1252 4094 prope
1274 4027 1419 4091 liternum,
1467 4081 1469 4090 ,

320 4113 462 4164 Antiochus
473 4115 622 4178 Scipionem
641 4129 740 4178 egram
752 4114 851 4162 Elaeam
891 4128 949 4176 quae
961 4111 1106 4173 Campaniae
1125 4105 1216 4155 civitas
1232 4103 1264 4152 ad
1277 4104 1354 4156 maris
1372 4105 1417 4154 lire

322 4187 446 4251 delatum,
463 4192 626 4254 legatos,qn'r
645 4189 726 4241 filium
747 4189 780 4238 sd
791 4203 850 4238 enm
892 4191 955 4236 trra:
971 4183 1057 4243 hodie,
1071 4182 1140 4230 Torta
1151 4179 1275 4241 dirmtua.
1431 4189 1445 4200 ’·
