3224 5162
331 423 398 491 186
642 435 800 486 vaunnu
825 438 971 486 assirim
998 429 1069 488 nib.
1087 441 1118 488 r.
1201 453 1206 460 ·

331 600 399 648 non
415 582 592 658 destitisse,
613 584 669 645 ‘ut
682 582 840 664 proxima
854 582 908 646 die
924 601 945 646 a
960 581 1062 647 Curia
1077 603 1115 647 sa
1129 584 1347 666 abstineret),
1377 583 1424 650 At

331 685 437 760 illum,
453 702 495 746 ne
510 682 665 746 muliebri
681 685 811 748 somnio
832 688 944 748 motus
967 684 1003 747 id
1025 685 1145 750 secisse
1170 689 1424 762 existimaretur,

333 791 496 861 senatum,
510 782 546 846 iu
560 801 628 866 qno
643 784 676 847 ei
691 782 930 866 parricidarum
950 803 1067 848 manus
1082 784 1194 850 allatae
1209 791 1297 862 sunt,
1310 783 1426 852 adirc⁶

332 883 556 948 contendisse.
602 883 684 948 Non
705 887 777 946 est⁷
800 883 883 946 inter
904 890 1032 966 patrem
1057 890 1092 946 et
1119 882 1225 947 filium
1252 885 1355 949 ullius
1379 884 1427 950 rei

332 984 618 1066 comparationem
631 984 714 1064 fieri,
729 985 913 1067 praesertim
925 985 1110 1049 divinitatis
1125 984 1260 1066 fastigio
1269 985 1425 1068 junctos:

333 1084 392 1148 sed
401 1085 473 1168 jam
488 1085 573 1149 alter
587 1085 743 1167 operibus
758 1087 829 1150 suis
845 1087 973 1150 aditum
988 1086 1052 1149 sibi
1067 1085 1110 1149 ad
1127 1086 1249 1150 coelum
1264 1086 1426 1151 instruxe-

331 1191 393 1264 rat,
408 1185 651 1266 atterilongus⁸
674 1185 783 1250 adhuc
806 1186 1005 1250 terrestrium
1020 1186 1179 1250 virtutum
1208 1186 1299 1252 orbis
1321 1193 1426 1252 resta-

311 1287 402 1361 bat.
447 1284 658 1369 Quapropter
672 1287 715 1350 ab
730 1286 796 1352 boc
811 1287 1040 1351 tautummodo
1061 1287 1333 1369 impendentem⁹
1354 1294 1426 1352 mu·
1507 1361 1512 1370 .

332 1388 494 1450 tationem
510 1391 618 1450 status
632 1386 802 1467 cognosci,
825 1387 867 1450 ab
883 1387 942 1450 illo
959 1387 1061 1450 etiam
1075 1387 1202 1451 differri
1218 1388 1277 1452 Dii
1292 1389 1427 1453 immor·

332 1487 419 1552 talos
442 1487 641 1568 voluerunt;
662 1493 699 1552 ut
720 1487 812 1551 atiud
834 1489 921 1554 coelo
946 1488 1048 1554 decus
1072 1488 1212 1566 daretur,
1237 1489 1329 1554 aliud
1351 1509 1427 1574 pro-

332 1589 539 1654 mitteretur!

374 1689 407 1754 3.
429 1689 518 1754 Illud
533 1691 635 1754 ctiam
651 1691 819 1755 somnium
840 1697 872 1756 et
892 1711 1023 1774 magnae
1040 1690 1283 1767 admirationis
1299 1698 1334 1754 et
1347 1691 1427 1754 cieri

333 1789 501 1868 exitus310
524 1791 616 1872 quod
631 1790 749 1855 cadem
768 1799 865 1857 nocte
881 1794 947 1856 duo
962 1792 1119 1856 consules
1145 1790 1186 1852 Ρ.
1200 1791 1328 1854 Decius
1338 1798 1361 1828 ¹¹
1393 1795 1427 1854 et

332 1883 376 1955 Τ.
395 1891 559 1955 Manlius‘
572 1890 777 1976 Torquatus,
793 1893 912 1958 Latino
930 1887 1041 1959 bellos
1059 1899 1093 1955 ct
1108 1891 1200 1972 gravi
1215 1895 1250 1955 et
1263 1891 1428 1974 periculo-

334 1999 413 2071 so,¹²
435 2013 498 2058 non
512 1993 630 2079 procul
644 2013 665 2056 a
678 1991 845 2060 Vesuvii⁸
867 1997 992 2060 montis
1019 1994 1189 2058 radicibus
1214 1991 1339 2076 positis
1354 2011 1428 2056 cas·

341 2142 343 2151 y
366 2173 379 2207 θ
396 2174 501 2235 Sedjum
511 2177 592 2227 Julius
605 2178 686 2228 Comi·
702 2179 748 2229 siti
764 2185 891 2243 pureceret
908 2180 1022 2241 preclare
1038 2152 1114 2238 gestis
1134 2177 1266 2238 ingressum
1284 2176 1316 2223 od
1333 2174 1429 2229 cretam

334 2237 442 2297 aegeas
452 2253 506 2286 sero
516 2241 588 2303 lrmgo
597 2243 671 2291 astes
678 2245 811 2292 remanebat
822 2245 937 2291 muctam
955 2243 981 2289 is
1000 2242 1073 2289 terris
1089 2242 1286 2288 eaercmduramr
1302 2251 1374 2299 quare
1385 2237 1431 2285 Dii

333 2302 476 2350 immortates
486 2307 579 2354 tenum
589 2306 854 2365 mimatensem
865 2319 1000 2363 cognoscere
1011 2303 1122 2361 saturem
1141 2302 1294 2349 mutationem
1306 2305 1382 2349 statas
1394 2300 1432 2348 sai

333 2366 441 2414 mulia
451 2365 476 2413 io
486 2366 658 2424 immortalem
673 2369 767 2416 datiam
782 2381 837 2414 uero
854 2367 921 2413 ilium
939 2366 1093 2412 mutationem
1111 2363 1233 2424 experiri,·
1245 2369 1272 2410 ut
1291 2365 1346 2412 coelo
1363 2367 1431 2413 decas

334 2428 416 2478 aaziae
427 2431 533 2491 duretur,
544 2431 665 2491 Auguma
675 2445 728 2478 uero
736 2430 933 2492 promitteretis

793 2531 969 2553 ‘mmm
1007 2563 1039 2586 Α

334 2611 529 2672 ἀίυίποκιιηιίιιε,
545 2609 613 2674 quod
625 2609 720 2658 malim.
752 2609 817 2658 Mox
830 2621 876 2672 pro
887 2623 916 2658 ae
926 2607 988 2656 Vet.
1005 2591 1050 2658 ee'
1067 2605 1202 2670 Kapp-t
1219 2607 1325 2671 Guyeto
1344 2607 1432 2670 piace-

335 2676 382 2723 bat
392 2678 466 2725 illotae
478 2678 542 2723 sant.
566 2675 618 2722 Pro
636 2675 703 2722 odire
722 2673 836 2722 nonnulli
854 2671 930 2721 codd.
946 2671 1046 2721 babere:
1062 2672 1088 2721 in
1098 2672 1157 2720 Vet.
1167 2672 1306 2721 bobert-7
1324 2671 1430 2736 Pighius
1533 2720 1535 2724 ,

334 2737 408 2784 addit
419 2753 494 2798 operae
505 2753 538 2784 ex
549 2736 602 2786 solo
615 2736 679 2786 iibro
688 2737 806 2799 eutichii,
823 2751 880 2786 cirin
892 2737 974 2785 ceteri
985 2750 1072 2785 omnes
1082 2735 1185 2784 ‘rectius
1202 2735 1332 2786 omittunt.
1366 2737 1431 2785 Mox

334 2798 438 2862 quidam
449 2802 641 2861 conjunctos—8
658 2802 733 2864 Pigh.
751 2801 822 2849 atteri
838 2816 892 2849 uero
911 2802 1009 2860 longus:
1027 2801 1180 2862 particulam
1196 2815 1249 2848 cero
1267 2801 1335 2850 solus
1354 2799 1432 2850 nabet

336 2861 409 2910 baud
420 2866 445 2911 6.
456 2870 484 2911 et
496 2870 580 2911 tamen
592 2867 806 2929 superscriptum.
838 2865 1049 2926 Guyetusiegit:
1067 2865 1150 2925 longus
1164 2865 1278 2914 uirtutum
1298 2865 1361 2915 orbis
1378 2869 1433 2928 psi·

334 2927 439 2986 egenum
451 2925 611 2976 restabat-9
628 2930 725 2979 Omnes
743 2929 798 2978 t'ere
816 2929 892 2978 codd.
905 2943 966 2978 eum
982 2930 1056 2978 vett.
1076 2929 1183 2988 habent,
1198 2931 1345 2992 pendentem.
1362 2931 1433 2993 Mog.

335 2987 443 3039 Venett.
460 2991 569 3040 Medici.
587 3000 613 3041 et
624 2993 704 3043 Aldd.
717 2994 961 3058 impendentem-10
978 2993 1021 3043 Ita
1031 3006 1119 3042 ornnes
1131 2993 1207 3043 codd.
1218 3007 1276 3042 cnm
1287 2995 1348 3041 Vet.
1360 2995 1432 3057 Meg.

335 3053 445 3103 Venett.
457 3060 481 3104 1.
493 3059 518 3104 2.
530 3059 554 3112 δ’.
565 3059 590 3107 4.
602 3062 627 3105 6.
638 3059 746 3108 Mediol.
759 3065 783 3108 l.
794 3063 817 3109 2.
830 3056 910 3106 Aldd.
922 3057 1007 3108 Calin.
1019 3056 1128 3107 Medici.
1140 3062 1165 3107 3.
1182 3058 1283 3121 Grypir.
1298 3069 1326 3105 et
1342 3058 1432 3120 Stepb.

336 3123 359 3166 et
370 3117 488 3178 elorisuit
498 3119 578 3169 exuas
589 3121 769 3184 Pighius-ll
787 3123 819 3173 P.
830 3122 918 3170 Decius
929 3123 987 3170 Mus
998 3123 1103 3186 Pighius
1116 3137 1123 3181 ;
1139 3128 1167 3171 et
1181 3123 1218 3170 sic
1234 3122 1312 3171 etiarn
1326 3122 1398 3170 Laid.
1407 3125 1431 3169 ⁷.

274 3206 277 3211 ·
310 3197 311 3201 ¹
336 3183 394 3231 Mus
406 3197 467 3231 vero
478 3197 528 3232 non
540 3194 651 3246 apparet
669 3187 695 3235 in
713 3187 769 3234 aliis
785 3185 901 3236 omnbius
922 3185 995 3233 codd.
1008 3193 1035 3234 et
1051 3186 1111 3234 edd.
1129 3190 1258 3234 vett—12
1274 3187 1359 3233 Biton.
1371 3189 1395 3235 1.
1406 3190 1434 3232 et

338 3245 413 3296 Harl.
425 3262 453 3294 ce
461 3247 589 3308 periculoso
598 3249 687 3309 greci:
704 3250 783 3299 Barb.
796 3255 820 3299 1.
832 3254 856 3298 2.
869 3249 963 3310 Copes.
980 3249 1098 3298 Perizon.
1110 3248 1182 3296 Laid.
1192 3253 1217 3297 2.
1236 3254 1263 3297 et
1274 3258 1327 3298 tres
1340 3251 1391 3307 atii,
1406 3263 1433 3297 ac

334 3309 465 3370 periculoso
475 3317 499 3360 et
509 3312 597 3373 genuit
613 3313 709 3376 Ultraj.
721 3319 744 3362 1.
756 3328 785 3360 ue
792 3313 895 3376 perimis
904 3313 987 3373 graui:
1005 3312 1099 3375 Ultraj.
1111 3316 1135 3360 2.
1149 3313 1239 3360 Rham.
1255 3317 1282 3360 et
1297 3315 1346 3361 duo
1358 3311 1431 3362 Laid.

828 3421 940 3471 NOTAE

338 3508 379 3549 tus
398 3503 517 3552 consulto
538 3501 686 3565 adjunctum
706 3508 775 3550 esset
793 3499 865 3551 fasti·
907 3501 956 3549 sibi
977 3499 1080 3564 suisque
1098 3499 1224 3564 Torquati
1244 3514 1337 3552 nomen
1354 3515 1433 3567 pepa-

337 3577 415 3640 gium,
430 3578 494 3626 iliud
523 3577 662 3639 Calpurnia
684 3591 732 3640 per
751 3577 866 3640 quietem
906 3580 950 3628 rit.

337 3652 430 3700 collabi
442 3658 507 3714 ratu,
518 3650 714 3713 ingemiscebat.
938 3651 1048 3703 fIartioo
1067 3653 1136 3718 detio]
1169 3654 1247 3706 Quod
1268 3657 1433 3718 magistratus

375 3737 386 3780 t
397 3727 447 3777 An.
458 3729 496 3776 M.
508 3725 637 3780 totum.
645 3729 701 3775 184.
722 3731 745 3776 1.
758 3724 822 3774 Urb.
834 3725 864 3776 c.
907 3732 964 3795 pari
975 3747 1032 3780 com
1045 3731 1168 3780 Romanis
1181 3733 1288 3795 imperio
1297 3736 1435 3794 poscerent

337 3806 395 3852 ‘109-
407 3801 470 3852 Ant·
480 3801 576 3850 det.
907 3807 1000 3867 Leuni,
1022 3821 1161 3871 eorumque
1178 3808 1278 3869 legatos
1293 3805 1324 3852 L.
1336 3801 1435 3855 Annius

370 3884 382 3909 θ
399 3878 429 3924 P·
442 3877 530 3924 Decitw
540 3880 564 3924 et
574 3874 602 3924 T·
615 3872 734 3938 Mustius]
758 3874 865 3925 Genere
906 3882 1010 3931 Setinus
1022 3881 1048 3930 iu
1066 3885 1161 3931 Senatu
1177 3879 1311 3944 superbius
1329 3893 1434 3941 respon·

338 3951 580 4015 quidemimpares:
605 3950 649 3998 ilie
666 3949 734 3997 enim
753 3951 866 4012 plebeio,
906 3957 1099 4017 disset‚beilum
1108 3955 1204 4004 Latinis
1215 3952 1353 4013 indictum3
1365 3958 1433 4018 quod

337 4026 379 4072 bie
392 4027 502 4088 patricio
515 4040 609 4088 genere
621 4032 706 4076 ortus:
726 4035 753 4075 at
769 4027 866 4076 virtute
905 4034 1022 4080 maximis
1045 4047 1130 4080 eorum
1148 4027 1262 4077 cladibus
1279 4029 1358 4077 tertio
1375 4043 1435 4093 post

340 4112 424 4158 pares.
458 4101 530 4149 Alter
543 4108 645 4150 servato
656 4102 776 4152 Cornelio
788 4102 868 4152 Cosso
906 4119 973 4154 anno
982 4105 1081 4152 {initum
1094 4111 1141 4150 est.

339 4171 451 4219 &naulo
462 4173 533 4221 sibie
544 4173 692 4224 saraiamiiia
702 4176 797 4237 primus
807 4191 866 4225 con·
938 4183 950 4218 t
965 4176 1072 4236 Vesuuii]
1088 4175 1164 4222 Mons
1175 4180 1214 4221 eat
1223 4176 1370 4240 Campania
1383 4197 1433 4231 nou

341 4242 462 4306 sulatum,
480 4247 546 4294 aiter
564 4253 656 4311 torque
670 4250 737 4298 hosti
747 4250 868 4300 detracto
908 4252 997 4316 procui
1017 4265 1032 4299 a
1050 4248 1126 4311 Nota,
1146 4250 1243 4300 crebris
1264 4253 1390 4308 incendiis
1408 4268 1435 4310 et
