3386 5262
495 665 728 714 nnsrruonrn
752 663 798 712 nn
820 663 986 712 runicis.
1243 649 1286 715 23

198 829 272 874 rum
294 808 440 891 ipsorum
464 809 621 874 notabilis
643 815 697 873 est
719 808 817 873 etiam
833 806 1024 890 aequalitas,
1050 807 1170 890 paucis
1198 810 1285 876 enim

199 911 340 994 pagellis
356 911 444 976 alius
460 911 560 976 alium
583 911 723 975 excedit.
768 908 924 987 Quatnor
946 909 1044 993 primi
1066 909 1184 974 eadem
1206 929 1286 974 con-

198 1017 286 1076 stant
299 1029 461 1076 mensura.
506 1011 653 1089 Quintus
677 1011 814 1095 paulum
840 1009 1010 1092 prolixior.
1054 1010 1182 1076 Sextus
1205 1030 1286 1075 con-

197 1119 295 1177 sonat
307 1119 453 1195 quatuor
467 1114 593 1197 primis.
638 1111 809 1195 Septimus
824 1110 956 1176 brevior
970 1117 1021 1174 est
1043 1111 1097 1176 his
1119 1112 1285 1190 omnibus,

196 1214 349 1280 nimirum
364 1221 400 1280 ut
412 1214 487 1299 ejus
501 1215 628 1280 defectu
643 1213 820 1298 prolixitas
835 1213 940 1296 quinti
963 1213 999 1276 in
1023 1213 1170 1278 ordinem
1193 1223 1284 1280 cete-

195 1334 306 1380 rorum
320 1317 443 1381 veniat.
488 1315 639 1381 Octavus
652 1323 687 1380 et
708 1334 814 1380 nonus
829 1314 1024 1381 tenuissimo
1039 1314 1139 1379 modo
1154 1315 1283 1398 longio-

194 1436 248 1481 res
263 1426 338 1484 sunt
363 1419 489 1501 primis.
535 1417 612 1497 Quo
627 1425 731 1502 pacto
744 1418 824 1484 licet
838 1419 939 1482 etiam
962 1418 1083 1482 multos
1103 1417 1190 1482 alios
1212 1415 1284 1482 Ro-

193 1539 312 1584 manos
339 1518 545 1604 Graecosque
574 1521 759 1604 Scriptores
788 1519 906 1584 metiri.
965 1518 1073 1584 Pauci
1100 1519 1189 1584 anim
1217 1539 1282 1584 non

194 1621 409 1689 observarunt
421 1623 522 1688 talem
537 1623 683 1705 aliquam
699 1622 936 1705 aequalitatem.

473 1829 513 1892 In
528 1829 679 1914 Margine
694 1837 806 1896 notata
821 1835 915 1896 crant
928 1829 1014 1896 hacc.

235 1974 399 2060 Equidem
420 1977 480 2043 vix
501 1979 693 2043 crediderim
717 1978 892 2045 Valerium
921 1980 957 2044 in
984 1979 1094 2044 animo
1123 1979 1282 2046 habuisse

191 2078 275 2142 hanc
289 2080 515 2162 aequalitatem
530 2081 714 2145 Librorum.
739 2080 887 2145 Facilius
901 2082 1113 2165 persuadeor,
1123 2081 1180 2163 qui
1195 2098 1280 2142 nunc

192 2182 244 2240 est
257 2178 425 2255 Valerius,
447 2182 641 2262 Epitomam
663 2199 739 2246 esso
762 2199 784 2243 a
804 2181 827 2244 J
830 2183 896 2245 ulio
911 2181 1035 2246 Paride
1054 2178 1281 2261 compilatam,

192 2284 296 2361 atque
312 2279 397 2343 adeo
412 2299 457 2342 ex
472 2280 547 2362 ejus
571 2282 708 2344 cerebro
733 2283 929 2363 provenisse
952 2282 1015 2343 has
1037 2281 1196 2342 librorum
1210 2297 1280 2343 sec·

193 2378 320 2444 tiones.

255 2571 279 2636 J
280 2591 364 2636 anus
381 2570 610 2637 Broukhusius
625 2572 670 2637 ad
683 2571 808 2638 Tibull.
821 2571 896 2636 Lib.
914 2588 938 2634 ι.
954 2569 1044 2652 Eleg.
1053 2571 1085 2634 3.
1100 2589 1152 2636 vs.
1165 2570 1217 2636 20.

231 2720 425 2786 Admodum
439 2720 526 2786 serio
551 2741 652 2806 super
674 2721 810 2789 Tiberio
835 2721 988 2788 Graccho
1011 2741 1064 2787 res
1089 2741 1194 2787 novas
1219 2742 1280 2805 pa·

189 2829 279 2888 rante
293 2841 333 2886 ao
348 2821 467 2906 pedem
478 2824 621 2905 graviter
635 2823 822 2892 offendente
835 2831 978 2908 nugatur
991 2823 1149 2890 Valerius
1165 2824 1279 2889 Maxi-

190 2944 265 2990 mus
279 2923 354 2990 Lib.
370 2939 394 2989 1.
410 2942 486 3006 cap.
501 2926 532 2989 4.
558 2981 561 2990 ,
