3386 5262
649 609 854 658 rusorum.
1277 598 1298 660 u

205 754 308 837 igitur
323 751 591 818 doctissimorum
605 750 751 816 virorum
771 753 1064 834 interpretationes
1080 753 1209 836 saepius
1224 754 1299 820 toti·

208 857 285 920 dem
294 855 401 918 verbis
415 854 548 937 repetii,
558 853 613 918 vel
627 873 809 938 suppresso
818 855 874 919 rel
887 854 1024 919 laurlato
1036 873 1148 920 eorum
1157 858 1300 920 nomine.

208 957 251 1022 ln
264 977 328 1039 quo
341 975 410 1020 uon
420 976 549 1035 vereor,
571 961 608 1020 ut
622 958 713 1039 aequi
728 963 763 1021 et
781 957 865 1040 justi
879 975 1031 1021 censores
1044 977 1096 1022 me
1107 959 1301 1041 vituperent,

152 1061 158 1066 ’
209 1079 284 1126 cum
297 1077 365 1122 non
382 1079 403 1122 n
417 1078 498 1142 quo,
514 1057 577 1122 sed
591 1058 672 1142 quid
687 1059 812 1123 dietum
822 1059 876 1135 sit,
891 1059 1065 1141 precipue
1087 1060 1132 1124 sit
1143 1066 1302 1142 specten-

207 1160 296 1225 dum.
341 1161 448 1244 quue
471 1161 535 1226 fuit
559 1161 596 1224 in
618 1179 733 1240 causa,
754 1178 813 1224 cur
835 1179 940 1244 neque
953 1159 1008 1225 hic
1029 1180 1137 1244 neque
1162 1161 1242 1226 uini
1257 1163 1302 1228 ad

207 1263 293 1326 alios
316 1261 510 1344 scriptores,
534 1264 593 1344 qui
615 1262 703 1326 idem
724 1263 963 1327 observassent
982 1263 1017 1327 in
1032 1264 1202 1328 veteribus
1224 1283 1303 1330 aue-

207 1365 347 1441 toribus,
376 1383 604 1447 provocarem.
651 1363 779 1429 Infiniti
806 1365 971 1448 siquidem
998 1371 1085 1430 esset
1110 1366 1250 1444 laboris,
1266 1373 1303 1430 at

206 1465 353 1530 iontnsse
374 1466 519 1532 modicae
532 1465 701 1542 utilitatis,
717 1485 830 1530 omnes
844 1467 931 1532 istos
946 1468 1127 1552 scriptores
1142 1468 1302 1544 excitere,

209 1567 269 1648 erni
282 1566 371 1632 idem
386 1573 619 1650 argumentum
635 1567 711 1631 inde
726 1568 769 1631 ab
782 1566 1021 1633 instauratione
1035 1571 1203 1634 literarum
1217 1576 1305 1632 trec·

207 1673 332 1732 terunt.
377 1667 512 1747 Quotus
532 1670 621 1733 enim
646 1670 791 1753 quisque
806 1674 869 1748 est,
890 1672 944 1734 cui
959 1672 1090 1753 egregia
1104 1668 1306 1735 criticorum

209 1770 560 1850 praestantissimorum
573 1791 677 1855 opera
690 1772 846 1836 evolvere
862 1773 978 1837 datum
1000 1773 1068 1836 siti
1113 1769 1213 1850 Quod
1227 1789 1305 1836 vero

209 1871 395 1936 advntores
410 1875 590 1958 scriptores
605 1875 641 1938 in
653 1875 801 1957 margine
816 1874 980 1958 allegatos
993 1875 1146 1959 pertinet,
1164 1893 1225 1938 eos
1239 1891 1305 1937 non

209 1972 315 2036 morlo.
335 1975 526 2039 accuratius
551 1976 668 2053 citavi,
696 1975 759 2041 sed
782 1977 883 2040 etiam
903 1976 1015 2040 multis
1030 1977 1067 2039 in
1087 1975 1175 2040 locis
1190 1993 1307 2038 eorum

210 2075 396 2155 catalogum
410 2077 587 2158 insign-iter
601 2079 685 2142 auxi
698 2098 706 2156 ;
720 2083 761 2141 ut
776 2079 834 2160 qui
846 2077 934 2140 scire
947 2077 1076 2159 cupiat,
1096 2077 1236 2159 quinem
1248 2073 1308 2136 alii

209 2173 393 2255 scriptores
405 2181 532 2241 veteres
557 2180 697 2242 eandem
721 2197 795 2242 rem
817 2178 984 2260 persecuti
1005 2177 1081 2251 sint,
1104 2175 1191 2237 sitim
1213 2192 1308 2236 suam

211 2273 320 2354 possit
338 2275 483 2355 explere.
527 2275 583 2338 Ad
601 2297 700 2357 quem
714 2277 815 2340 finem
831 2276 1105 2358 consequendum
1129 2293 1207 2338 cum
1222 2275 1309 2339 Lon·

211 2371 304 2454 golii‚
327 2373 497 2456 quondam
519 2375 598 2453 mei,
625 2394 713 2440 nurse
741 2373 914 2463 μακαςὶτου,
942 2375 1152 2465 bibliotheca
1169 2377 1220 2441 uti
1243 2396 1310 2440 non
1348 2413 1353 2420 ·

211 2473 360 2554 amphus
386 2493 535 2558 possem,
557 2482 660 2542 curtae
684 2477 890 2560 supellectili
913 2496 999 2542 meae
1025 2481 1259 2541 succurrerunt
1279 2483 1312 2542 et

211 2575 334 2642 multos
363 2576 469 2642 libros
496 2597 627 2644 meeum
653 2580 991 2656 communicaverunt,
1017 2580 1084 2644 viri
1106 2579 1310 2644 Perillustris

213 2682 314 2760 etque
329 2678 647 2745 Excellentissimus
662 2679 721 2746 Jo.
734 2681 876 2746 Gottlob
892 2677 1021 2765 Meyer,
1038 2680 1199 2745 Sereniss.
1216 2681 1311 2744 Prin·

213 2779 299 2862 cipis
315 2779 434 2846 Nostri
455 2800 477 2845 a
498 2780 662 2847 Consiliis
678 2781 866 2866 Regiminis
879 2782 1096 2865 provincialis
1118 2781 1257 2857 intimis,
1279 2785 1313 2844 et

213 2878 417 2947 consistorii
447 2882 583 2949 Praeses
611 2884 916 2968 splendidissimus,
946 2883 1121 2948 Maecenas
1151 2888 1311 2948 aeternum

213 2983 395 3063 colendns3
417 2983 564 3049 lllustris
588 2991 689 3070 atque
702 2984 943 3071 Amplissimos
963 2984 1012 3050 Μ.
1028 2985 1227 3052 Laurentius
1251 2983 1312 3049 Jo-

214 3101 318 3150 aunes
340 3084 364 3150 J
365 3086 493 3150 acohus
507 3086 671 3168 Longius,
695 3087 809 3152 Seren.
823 3087 994 3169 Principis
1012 3107 1033 3150 a
1048 3085 1209 3151 Consiliis
1224 3083 1313 3150 Gon·

216 3184 354 3260 sistorii,
365 3193 400 3248 et
408 3184 584 3247 Professor
598 3185 774 3266 Gymnasii
785 3185 966 3249 Buruthini
976 3187 1223 3261 meritissimus,
1235 3185 1315 3248 cot-

214 3284 294 3362 legn
312 3281 394 3346 mihi
419 3281 738 3366 conjunctissimus3
769 3290 803 3346 et
824 3283 1028 3363 Magnificus
1049 3291 1148 3364 atque
1170 3284 1315 3346 Illustris

217 3383 482 3466 christophorus
495 3383 703 3466 Theophilus
716 3382 852 3461 Harles,
873 3382 988 3446 Seren.
1004 3383 1173 3467 Principis
1195 3401 1218 3446 a
1228 3380 1315 3446 Gon-

217 3484 304 3552 siliis
324 3483 470 3562 Aulieis,
500 3484 681 3552 Professor
703 3485 799 3570 Elnq.
825 3492 861 3550 et
889 3483 1043 3551 Poeseos
1073 3487 1106 3549 in
1128 3483 1316 3550 Academia

218 3585 642 3655 Eunonen-Alexandrina
664 3589 920 3667 Celeberrimus,
951 3609 1026 3654 cum
1053 3588 1198 3653 maxime
1223 3585 1315 3650 Ana·

219 3687 340 3753 demine
355 3689 543 3768 Protector,
558 3690 672 3755 fautor
695 3697 729 3756 et
751 3691 993 3773 amicuslonge
1009 3689 1293 3756 aestimetissimns
1309 3709 1319 3768 3

220 3790 340 3872 quibus
354 3809 417 3872 pro
431 3797 527 3856 tanta
547 3792 750 3858 liberalitato
774 3793 941 3858 maximas
961 3811 1025 3874 ago
1044 3791 1218 3874 habeoque
1241 3809 1316 3872 grae

219 3893 297 3958 tias.

264 3991 535 4075 Ghronologiam,
564 4014 586 4059 a
608 3995 731 4078 Pighio
757 3995 914 4074 additam,
938 3994 1051 4059 multis
1076 3994 1111 4056 in
1136 3992 1230 4057 locis
1251 4011 1316 4059 non

220 4100 350 4160 tantum
373 4096 597 4177 comparando
612 4096 800 4178 EditioneS,
820 4118 933 4164 verum
954 4114 1088 4179 quoque
1108 4095 1315 4160 consulendo

222 4197 349 4262 Festos
363 4195 548 4264 emendavi.

264 4297 456 4364 Historicas
482 4317 574 4378 uero,
599 4299 863 4385 Geogrraphieas,
894 4306 929 4364 ot
958 4297 1043 4364 alies
1071 4297 1315 4380 cujuscumque

224 4400 354 4482 generis
368 4400 631 4480 observationes,
655 4404 690 4466 in
710 4403 843 4470 Indices
857 4401 997 4488 conjeci,
1019 4420 1046 4465 a.
1060 4421 1113 4464 me
1136 4399 1214 4482 ipso
1236 4417 1315 4463 con-
