3210 5158
307 447 386 494 cnr.
403 445 458 492 ιιι.
483 445 531 492 nn
556 437 812 492 ausurusurrn
839 445 883 492 ur
908 445 1178 497 cou'rrueurra.
1227 432 1294 498 44⁵

199 604 244 648 ex
258 585 398 668 praedap
419 586 602 668 regiaque
617 587 801 650 exercitum
817 585 1007 669 Urbemque
1016 592 1044 633 ²⁴
1057 586 1230 668 ditaverat,
1242 596 1294 652 at-

197 688 280 768 tigit.
324 686 476 752 Decretis
491 687 594 748 etiam
610 705 631 748 a
645 691 760 749 senatu
777 689 922 768 septenis
944 690 1114 772 jugeribus
1137 692 1208 769 agri
1230 710 1293 773 po-

103 773 110 790 ’
196 788 291 870 pulo,
307 787 373 851 sibi
386 795 499 851 autem
515 785 765 869 quinquaginta,
780 789 953 868 popularis
968 791 1206 870 assignationis
1221 811 1291 854 mo-

197 889 275 952 dum
298 907 365 951 non
392 885 574 950 excessitzt
596 905 713 969 parum
742 886 898 950 idoneum
921 891 1006 972 reip.
1033 892 1140 954 civem
1174 893 1292 956 existi-

195 1007 302 1067 mans,
332 988 389 1071 qui
419 1007 471 1066 eo,
500 988 590 1070 quod
618 987 756 1070 reliquis
786 989 994 1067 tribueretur,
1027 1000 1201 1057 contentus
1225 1012 1292 1056 nou

197 1095 318 1168 essete

235 1193 268 1254 a.
291 1190 385 1255 Idem
402 1191 508 1256 sensit
522 1191 698 1256 Fabricius
714 1191 887 1271 Luscinus,
899 1199 926 1239 ²⁵
949 1193 1130 1257 honoribus
1150 1200 1186 1256 et
1210 1212 1289 1256 auc-

194 1292 325 1356 toritate
350 1294 439 1356 omni
467 1294 600 1356 civitate
623 1293 833 1373 temporibus
858 1293 930 1355 suis
954 1292 1074 1375 maj0r,
1099 1312 1212 1372 censu
1226 1313 1289 1375 par

194 1394 373 1477 unicuique
386 1392 615 1475 pauperrimo:
639 1393 697 1474 qui
721 1409 742 1454 a
762 1390 979 1468 Samnitibus,
1002 1412 1091 1475 quos
1114 1394 1291 1480 universos

194 1495 227 1558 in
241 1493 392 1558 clientela
401 1491 428 1530 ²⁶
438 1492 591 1569 habebat,
603 1491 717 1555 decem
727 1493 816 1567 aeris,
825 1492 1013 1574 etquinque
1022 1492 1137 1575 pondo
1148 1497 1289 1576 argenti,

194 1595 397 1676 totidemque
419 1609 533 1656 servos
548 1592 614 1654 sibi
637 1592 771 1669 missos,
794 1593 830 1655 in
854 1592 1029 1655 Samnium
1052 1593 1190 1671 remisit,
1212 1614 1289 1659 con-

194 1694 341 1758 tinentiae
366 1711 436 1756 suee
459 1691 626 1755 beneficio
652 1693 725 1755 sine
748 1692 891 1776 pecunia
916 1692 1096 1774 praedives,
1120 1695 1199 1758 'sine
1223 1715 1289 1760 usu

193 1794 330 1859 familiae
345 1793 475 1858 abunde
490 1793 686 1858 comitatus:
710 1793 789 1876 quia
802 1793 1006 1876 locupletem
1023 1793 1118 1857 illum
1130 1793 1289 1874 faciebat,

191 1916 256 1972 nou
269 1897 375 1961 multa
387 1895 572 1978 possidere,
596 1894 656 1958 sed
670 1894 804 1957 modica
820 1893 1017 1959 desiderare.
1062 1893 1151 1975 Ergo
1167 1894 1287 1962 domus

194 1997 278 2079 ejus,
294 1996 572 2078 quemadmodum
590 2015 656 2059 aere
671 2001 704 2058 et
716 2001 850 2078 argento
864 2001 898 2058 et
913 1995 1091 2077 mancipiis
1107 1995 1288 2061 Samnitum

194 2117 315 2174 vacua,
340 2098 390 2161 ita
415 2097 531 2178 gloria,
560 2116 602 2160 ex
627 2096 678 2160 bis
703 2095 878 2161 contemtis
902 2104 1013 2178 parta,
1039 2095 1160 2161 referta
1182 2096 1257 2162 fuit.
1272 2116 1287 2146 ι

195 2199 426 2264 Consentanea
439 2198 621 2281 repudiatis
645 2197 744 2261 donis
760 2195 905 2261 Fabricii
919 2204 1002 2262 vota
1022 2199 1218 2261 extiterunt:
1240 2200 1288 2264 le·

193 2306 291 2382 gatus
312 2301 396 2364 enim
421 2300 465 2362 ad
489 2298 680 2382 Pyrrhumq
704 2298 888 2381 protectus,
912 2318 987 2362 oum
1013 2299 1104 2381 apud
1130 2316 1206 2362 eum
1230 2299 1287 2365 Ci-

193 2410 309 2478 neam¹
322 2401 517 2465 Thessalum
541 2406 731 2464 narrantem
756 2399 917 2477 audisset,
940 2399 1134 2483 ‘quendam
1150 2399 1287 2464 Atheni-

225 2621 238 2654 *
255 2624 312 2673 Norr
321 2623 411 2686 accepit
421 2624 484 2672 ultra
493 2623 682 2685 septhugera,
698 2626 754 2686 quot
764 2623 867 2684 singulis
878 2623 1001 2687 depopulo
1011 2622 1133 2684 magada
1143 2619 1253 2682 suerunt.

650 2781 798 2800 ΜΝΜΙ
801 2783 830 2802 ΙΙ

192 2888 268 2939 codd.
279 2889 386 2940 Torren.
397 2897 425 2939 et
434 2889 493 2940 edd.
504 2895 570 2938 vett.
604 2890 711 2938 Colerns
729 2903 799 2949 vero,
816 2895 843 2937 et
861 2894 919 2951 post
938 2903 997 2938 euru
1017 2888 1059 2938 alii
1081 2886 1216 2949 dederant,
1233 2903 1285 2950 qua

190 2955 327 3016 exarderent,
336 2955 424 3015 arbem,
434 2957 537 3015 lfa—25
555 2953 608 3002 Alii
619 2954 694 3000 codd.
706 2951 813 3000 Licinus
819 2969 829 3009 ,·
846 2953 898 3011 alii,
909 2953 1022 3000 Luciam.
1047 2953 1111 3000 Mox
1123 2965 1169 3013 pro
1179 2953 1285 3011 ciuitate,

191 3019 258 3082 quod
271 3020 386 3068 nonnulli
395 3019 585 3066 coddTorren.
596 3017 729 3076 exhibent,
740 3017 825 3080 vulgg.
836 3017 886 3065 eive
893 3031 903 3072 ,·
920 3017 1013 3078 Copae.
1026 3017 1114 3076 Cariti,
1131 3014 1200 3064 unde
1212 3015 1286 3062 Peri-

190 3083 277 3130 zonius
288 3083 356 3146 conj.
369 3083 478 3139 Quirite:
495 3082 537 3128 alii
549 3082 655 3129 Torren.
666 3080 768 3128 ciuitati.
800 3081 905 3132 Deinde
917 3080 1011 3142 Ultraj.
1024 3084 1047 3128 2.
1057 3079 1161 3140 pecunia
1174 3093 1285 3126 cenna-

191 3150 223 3194 26
242 3147 313 3196 Harl.
324 3149 408 3195 Bitur.
421 3151 443 3194 1.
455 3153 482 3194 et
494 3147 587 3208 Copes.
598 3146 624 3194 iu
633 3145 773 3193 clientelam.
808 3146 871 3194 Mox
884 3144 1064 3192 Hotomannus
1081 3143 1195 3191 inculcat
1208 3141 1285 3191 decies

191 3211 260 3259 arie:
277 3211 423 3262 Gronovius
442 3210 524 3272 malit,
542 3211 619 3258 decem
638 3209 712 3265 millia
731 3209 793 3259 aris.
829 3208 932 3258 Deinde
952 3208 1015 3258 XV.
1038 3210 1114 3270 pondo
1134 3207 1236 3257 Gembl.
1256 3217 1284 3256 et

685 3358 791 3408 NOTAE

191 3500 259 3549 eninr
271 3500 303 3549 ab
315 3515 345 3549 eo
357 3501 472 3564 Pyrrhus
491 3501 588 3559 amissis
607 3514 717 3561 snorum,
789 3499 870 3561 tAn.
887 3501 926 3548 M.
939 3503 1013 3548 87⁷9.
1042 3496 1085 3548 01.
1097 3501 1152 3548 126.
1164 3503 1188 3549 2.
1217 3497 1281 3546 Urb.

190 3576 231 3624 rel
243 3576 336 3639 viginti
348 3577 430 3625 tribus
442 3576 563 3638 millibus,
580 3591 612 3625 ex
625 3577 717 3624 Eutro·
758 3577 788 3626 C.
800 3580 857 3626 478.
886 3575 948 3624 Ant.
961 3574 1008 3623 Cb.
1020 3578 1077 3624 274.

190 3653 244 3715 pio,
261 3653 301 3701 rel
314 3651 431 3714 triginta,
448 3666 481 3699 ex
493 3650 595 3714 Oresio,
607 3651 717 3700 inGrae·
788 3649 871 3700 'An
883 3652 922 3699 M.
935 3654 1007 3700 3783.
1035 3650 1079 3700 Ol.
1092 3652 1147 3698 12⁷.
1159 3652 1183 3698 2.
1216 3647 1282 3697 Urb.
1360 3665 1363 3674 ’

191 3727 257 3778 ciaur
271 3725 372 3790 refugit
756 3726 854 3776 (1.482.
880 3725 1072 3776 Anacnmu.
1129 3750 1132 3756 ·

222 3809 235 3843 Ρ
253 3802 322 3852 Nibil
331 3802 423 3851 annino
432 3797 566 3864 ex'proeda]
582 3802 715 3865 Intercep·
787 3811 799 3844 ¹1
810 3803 913 3865 Legatum
923 3803 1022 3852 errimud
1031 3800 1161 3864 Pyrrham]
1173 3799 1281 3861 Duplex

189 3879 352 3943 taepecrrniae
371 3892 429 3926 cum
449 3879 715 3941 arguereturcuriur‚
755 3878 851 3939 legatio
870 3877 934 3937 fuit3
950 3878 1035 3927 altera
1054 3877 1228 3926 Romanorum
1247 3877 1280 3924 ad

191 3962 291 4016 guttam
304 3954 426 4016 ligneum,
436 3967 484 4016 quo
496 3954 534 4001 uti
545 3954 576 4002 ad
587 3954 715 4004 sacrificia
758 3954 894 4016 Pyrrhum,
904 3954 985 4002 altera
994 3953 1090 4016 Pyrrhi
1097 3953 1129 4001 ad
1139 3953 1280 4012 Romanum

191 4036 369 4090 consueverat,
380 4029 406 4077 in
418 4028 529 4077 medium
542 4029 660 4090 protulit,
670 4043 714 4093 prr·
740 4028 800 4077 illa
818 4028 851 4077 de
865 4029 974 4090 captivis
989 4027 1154 4086 redimendis,
1172 4029 1226 4078 bec
1247 4027 1279 4076 de

190 4104 289 4168 lamque
297 4105 395 4168 juravit
406 4118 433 4152 se
446 4104 477 4152 de
489 4104 579 4167 praede
590 4105 676 4153 hostili
687 4103 713 4154 in
755 4116 821 4167 pace
833 4104 986 4153 sancienda:
1005 4104 1075 4167 prio'r
1084 4103 1172 4154 Cinea
1185 4103 1279 4164 legatio

190 4191 250 4225 suos
261 4194 321 4229 urus
332 4181 394 4230 illud
406 4181 573 4240 convertisse,
585 4188 714 4243 praterea
753 4179 812 4242 fuit,
822 4181 843 4228 si
853 4180 996 4230 Plutarcho
1007 4179 1150 4239 credimus;
1161 4180 1182 4228 si
1196 4179 1277 4241 Livio,

188 4253 258 4302 nibil.
752 4257 866 4320 Justino,
883 4257 955 4306 Eutr.
966 4263 992 4306 et
1003 4256 1095 4306 Zonar.
1109 4255 1244 4318 posterior.
