3210 5158
352 411 417 476 456
648 423 803 474 vuunarr
827 421 969 474 urxrur
994 423 1066 472 ura.
1089 424 1143 473 rv.

352 569 451 648 deret,
466 569 569 634 traxit
591 587 664 632 eam
684 575 858 644 sermone,⁴
876 583 1053 648 quousque
1067 586 1087 629 e
1101 567 1219 632 sobole
1232 569 1374 634 redirent
1395 572 1435 634 li·

352 673 450 748 beri:
471 679 517 748 et,
541 669 678 750 ‘Haec'
698 670 816 752 inquit,
839 671 1050 729 ‘ornamenta
1074 687 1150 731 mea
1170 670 1271 734 sunt!
1315 669 1436 736 Omnia

352 773 506 836 nimirum
520 773 629 850 babet,
654 772 711 856 qui
732 768 814 833 nibil
829 767 1059 850 concupiscit:
1083 789 1124 832 eo
1140 771 1274 852 quidem
1289 775 1435 850 certius,⁵

352 893 451 958 quam
464 877 522 959 qni
549 881 667 940 cuncta
686 869 849 954 possidet,
869 869 949 952 qnia
971 869 1152 934 dominium
1180 891 1286 935 rerum
1314 874 1438 938 collabi

353 977 452 1054 solet,
461 979 556 1042 bonae
572 976 688 1039 mentis
703 970 878 1054 usurpatio
892 969 1018 1034 nullum
1034 971 1187 1035 tristioris
1201 972 1342 1037 fortunae
1353 976 1439 1038 reoi-

353 1078 404 1160 pit
414 1075 603 1143 incursum!
646 1073 765 1155 ltaque
779 1088 937 1154 quorsum
952 1071 1084 1147 attinet,
1099 1078 1157 1135 aut
1171 1071 1305 1135 divitias
1318 1072 1351 1133 in
1367 1073 1439 1154 pri-

351 1197 407 1240 ma
421 1176 592 1240 felicitatis
606 1180 712 1260 parte,
737 1177 796 1236 aut
808 1176 1035 1253 paupertatem
1050 1172 1084 1235 in
1098 1174 1216 1236 ultimo
1229 1173 1440 1240 miseriarum

352 1281 440 1342 statu
461 1276 607 1360 poneret
651 1275 736 1340 Cum
750 1280 786 1337 et
799 1273 928 1338 illarum
950 1274 1041 1338 frons
1064 1275 1181 1338 hilaris
1210 1274 1323 1337 multis
1349 1274 1438 1339 intus

352 1376 624 1442 amaritudiuibus
639 1377 683 1443 sit
696 1376 836 1440 referta:
859 1384 895 1440 et
908 1375 1008 1458 hujus
1021 1375 1184 1439 horridior
1204 1382 1362 1457 aspectus
1381 1396 1438 1442 so-

351 1477 431 1544 lidis
446 1484 478 1542 et
490 1479 590 1543 certis
605 1479 702 1543 bonis
716 1477 884 1542 abundet.a
921 1475 1022 1555 Quod
1032 1478 1150 1541 melius
1165 1479 1326 1562 personis,
1338 1499 1437 1561 quam

352 1580 463 1644 verbis
477 1581 775 1664 repraesentabitur.

396 1683 426 1746 l.
449 1681 560 1764 Regio
575 1683 716 1765 imperio
733 1688 870 1766 propter
883 1680 1042 1746 nimiam⁶
1063 1682 1235 1765 Tarquinii
1250 1683 1437 1765 superbiam

353 1782 457 1862 finito,
480 1783 675 1848 consulatus
697 1784 826 1848 initium
852 1781 1009 1846 Valerius
1035 1781 1216 1867 Poplicola
1236 1801 1311 1846 cum
1334 1783 1438 1847 Junio

355 1889 461 1952 Bruto
484 1889 679 1969 auspicatus
704 1892 765 1949 est.
809 1883 969 1968 Idemque
993 1890 1134 1969 postea⁷
1157 1893 1226 1948 tres
1248 1884 1438 1948 consulatus

355 1989 608 2072 acceptissimos
622 1989 750 2071 populo
762 1987 859 2050 Rom.
875 1989 991 2068 gessit,
1006 1997 1042 2052 et
1057 1988 1271 2070 plurimorum
1287 2005 1328 2049 ac
1342 2004 1439 2050 max-

354 2094 495 2156 imomm
515 2110 649 2173 operum
663 2094 827 2172 praetextu
841 2090 971 2154 titulum
983 2091 1162 2172 imaginum
1176 2107 1308 2152 suarum
1323 2087 1440 2170 ampli·

354 2191 512 2270 ficavit3‘
532 2209 608 2254 curu
623 2191 752 2256 interim
765 2190 928 2255 fastomm
942 2189 1024 2254 illud
1049 2187 1221 2253 columenb
1242 2187 1439 2272 patrimonio

385 2417 397 2440 ⁸
415 2408 525 2458 Cornelia
537 2410 695 2458 Gracchorum
706 2413 781 2456 mater
790 2413 909 2469 protracto
919 2421 1022 2456 urmoue
1030 2407 1096 2455 illam
1106 2409 1222 2472 hospitam
1232 2413 1343 2476 retinuit,
1358 2428 1442 2475 wout-

354 2487 396 2534 qrre
406 2471 481 2536 ipriur
490 2474 542 2538 flur·
553 2490 566 2523 e
576 2475 651 2522 udaia
663 2472 772 2520 literaria
782 2470 894 2519 redirent.

385 2534 396 2568 l
413 2537 483 2586 Mena
493 2538 579 2586 virtute
588 2536 664 2599 firma
677 2536 781 2597 proedda
795 2548 859 2582 aruo
869 2539 933 2584 statu
944 2533 1015 2596 dejici
1026 2549 1071 2584 uon
1085 2541 1161 2599 potest
1169 2536 1258 2600 impetu
1268 2539 1374 2590 aduersa
1384 2540 1445 2598 sor·

354 2605 481 2724 urgebam,
497 2667 521 2711 rt
530 2661 671 2710 diuitiarum
685 2662 753 2724 quari
769 2661 856 2724 specim
872 2661 977 2711 eximar
987 2664 1043 2711 lata
1061 2663 1102 2724 rit,
1116 2663 1181 2712 irtus
1190 2677 1243 2713 aero
1254 2667 1334 2715 multis
1344 2667 1410 2716 otrir
1420 2674 1459 2716 et-

353 2727 469 2805 doloribus
478 2727 594 2785 otmuiu3
610 2726 716 2789 asperior
725 2741 778 2774 uero
791 2726 939 2789 paupertatis
954 2727 1057 2777 abundet
1067 2726 1133 2776 toris
1143 2728 1214 2791 orma,
1230 2745 1282 2792 quoe
1292 2746 1338 2779 rou
1346 2737 1444 2794 porrurt

353 2797 452 2904 mlulit
462 2855 531 2904 redae
540 2855 649 2918 plurimis
661 2855 774 2921 precipe
783 2855 859 2914 gestia
868 2853 1019 2917 amplificavit
1031 2854 1168 2919 boaou'jiroa
1179 2855 1271 2919 titulos,
1288 2858 1329 2921 qui
1344 2858 1371 2906 io
1386 2859 1446 2908 irau-

351 2917 447 2980 girridru
455 2925 479 2968 et
489 2920 576 2969 uetuit
585 2919 735 2987 familiarum
745 2921 830 2982 apponi
840 2919 923 2966 ualeat.

352 3194 417 3244 illiue
427 3196 523 3244 auruli!
538 3193 676 3258 Kapp.-4
691 3196 763 3244 Uuur
775 3194 872 3245 Brund.
881 3195 957 3244 traxit
971 3209 999 3244 ea
1009 3209 1150 3245 remonon:
1170 3195 1255 3245 Bitur.
1267 3202 1291 3246 l.
1303 3212 1353 3246 eam
1364 3198 1445 3251 delet.

353 3258 455 3308 Deinde
466 3260 563 3308 and.
574 3263 596 3314 l.
607 3263 631 3309 2.
643 3258 737 3322 (iopes.
748 3259 842 3322 Ultraj.
854 3264 878 3308 l.
890 3264 913 3308 ὓ.
927 3259 988 3308 Vet.
999 3267 1026 3308 et
1038 3260 1108 3322 Mag.
1118 3261 1174 3308 dum
1183 3271 1196 3308 e
1206 3261 1338 3311 ecbola-5
1350 3263 1359 3290 ‘
1369 3264 1445 3314 Peri·

354 3323 441 3372 tonius
451 3323 531 3384 legit:
549 3329 573 3372 et
583 3323 675 3386 quidem
685 3324 782 3383 renim,
799 3321 867 3386 quod
879 3337 929 3372 non
940 3330 980 3372 ert
991 3337 1096 3372 necesse
1111 3325 1132 3371 ri
1150 3339 1176 3373 eo
1197 3325 1310 3387 explices
1326 3328 1378 3376 ‘ob
1398 3329 1446 3391 id,'

353 3385 451 3448 ‘idea'
473 3388 647 3450 ‘propterea'
688 3388 779 3436 Fraudi
797 3388 933 3436 Periaouio
952 3386 1012 3449 suit,
1035 3387 1104 3451 quod
1122 3395 1236 3450 putarer,
1253 3396 1311 3451 post
1327 3404 1354 3438 eo
1371 3395 1444 3458 requi

353 3450 449 3501 debere
462 3464 522 3512 quo,·
539 3451 566 3499 id
576 3452 646 3516 quod
658 3452 737 3501 etium
747 3452 859 3500 librariis
870 3453 895 3499 in
906 3459 1016 3500 merrtem
1027 3453 1107 3509 venit,
1123 3452 1166 3514 qui
1179 3451 1206 3501 in
1218 3453 1286 3502 Uitr.
1297 3461 1409 3520 utroque
1419 3458 1444 3506 in

351 3515 435 3565 Barb.
447 3514 521 3578 prim.
532 3520 560 3563 et
571 3515 644 3564 Leid.
654 3531 707 3566 rec.
719 3523 746 3565 et
757 3522 819 3564 tert.
828 3515 971 3578 scripsere:
989 3531 1033 3578 quo
1042 3521 1125 3564 eurota
1134 3516 1253 3578 pouidetss
1266 3518 1355 3582 Kapp.
1381 3522 1447 3570 Mox

353 3579 448 3642 Copes.
460 3593 517 3628 cum
534 3577 591 3627 cod.
604 3580 740 3629 sambuci:
757 3579 816 3627 bona
835 3594 899 3628 meua
916 3580 1044 3642 profertur
1062 3581 1162 3642 diuitiis,
1175 3581 1242 3641 carim
1256 3585 1389 3647 usurpatio,
1404 3589 1445 3662 pc.

354 3642 429 3694 Harl.
440 3643 520 3692 Burb.
532 3647 555 3691 1.
566 3649 594 3691 et
605 3643 676 3692 Leid.
688 3647 712 3691 t.
728 3643 787 3691 baua
797 3658 862 3692 meur
870 3644 1000 3705 proefartur
1016 3644 1109 3693 diuitiis
1125 3644 1191 3700 baua
1201 3647 1286 3696 mentia
1306 3654 1426 3712 uempatro
1432 3665 1445 3707 ,-

354 3719 387 3754 ex
399 3708 522 3769 margine,
539 3713 568 3755 ut
586 3713 677 3768 putent
697 3707 815 3756 Periaou.
835 3714 863 3756 et
881 3708 1073 3757 'l'orrenius-d
1089 3709 1183 3770 Caper.
1198 3723 1241 3771 prr
1260 3710 1367 3770 nimiam,
1385 3725 1441 3772 pro-

354 3769 432 3820 baute
441 3771 635 3820 Pannonio-⁷
653 3771 719 3819 Idem
727 3775 808 3833 portua
820 3769 896 3819 Harl.
927 3771 956 3820 Li
961 3771 1008 3832 prii
1018 3779 1094 3820 vetur
1104 3773 1169 3822 liber
1181 3781 1208 3821 et
1218 3773 1278 3822 Ver.
1288 3774 1442 3837 acceptissima

350 3842 445 3886 contra
455 3849 543 3885 omnes
553 3837 617 3885 alios
628 3834 703 3886 codd.
736 3835 818 3884 Paulo
836 3843 896 3898 port
913 3835 1007 3886 Leidd.
1020 3841 1045 3885 t.
1064 3841 1089 3886 d.
1107 3840 1133 3885 ⁷.
1151 3837 1250 3887 etvet.
1264 3842 1395 3901 proteum,-
1411 3846 1443 3888 et

838 3982 946 4033 NOTAE

352 4081 357 4094 ⁸
384 4085 536 4138 tuberum
549 4093 663 4155 columen]
680 4094 781 4143 Coruin
801 4093 875 4144 fastis
916 4094 1050 4152 borentot,
1066 4107 1159 4143 nomeu
1171 4091 1265 4141 Valerii
1281 4089 1357 4154 primi
1375 4091 1449 4144 Con·

354 4166 381 4207 et
391 4160 589 4223 Magistratuum
602 4170 723 4228 omniurn,
731 4173 757 4216 et
767 4169 876 4217 maxime
917 4169 978 4217 solis
991 4169 1136 4232 principem
1147 4168 1229 4218 locunt
1241 4169 1389 4230 occuparit.

355 4233 494 4283 Consulum
506 4238 608 4287 nomina
618 4253 709 4303 resque
722 4249 802 4303 gestae
816 4243 876 4290 sert·
1277 4261 1279 4266 ’
