3386 5262
358 424 403 488 12
803 437 1011 486 usurario.-

358 580 488 658 Poiitae,
510 580 569 644 alii
582 597 688 645 noves
702 579 826 644 cudunt
847 580 981 644 dicendi
1000 580 1172 660 formulas,
1195 588 1232 648 ut
1245 585 1346 648 risum
1361 585 1454 649 exci-

359 689 444 759 tent,
458 687 497 746 ut
511 680 684 746 inimicum
696 687 858 766 pungant,
872 683 933 746 &c
959 681 1035 766 quis
1060 701 1175 747 eorum
1196 683 1323 766 scripte
1344 704 1365 749 a
1383 704 1454 750 mo-

358 785 473 850 uacus
494 784 607 849 medio
628 804 703 849 sero
719 784 869 850 confecto
893 784 1002 849 dicere
1017 785 1204 850 sustineatl
1249 783 1353 863 Quod
1375 788 1405 850 si
1418 789 1454 851 iu

359 887 520 970 scriptore
542 886 871 970 quodamvocabulu
895 892 1082 964 occurrunt,
1109 886 1168 952 diu
1190 891 1270 968 post
1292 886 1351 950 illa
1373 891 1455 950 tem-

359 1008 454 1072 pora,
463 991 584 1072 quibus
592 990 721 1055 vixisse
737 990 872 1068 dicitur,
882 989 1018 1054 demum
1030 988 1224 1072 excogitata
1238 993 1296 1052 eut
1305 988 1456 1068 iurenta3

359 1091 414 1156 rel
434 1099 548 1158 textus
558 1097 732 1175 corruptus
748 1099 812 1169 est,
833 1092 888 1158 vel
903 1093 1016 1174 glossa
1030 1093 1189 1170 foeeatm,
1206 1091 1261 1155 vel
1275 1095 1364 1155 totus
1376 1091 1458 1155 liner

362 1196 407 1259 ab
421 1196 601 1278 impostore
626 1196 831 1278 suppositus.
877 1194 964 1274 Quis
989 1203 1104 1259 autem
1123 1213 1241 1278 quaeso
1263 1192 1380 1258 statim
1399 1212 1458 1256 vo-

361 1296 489 1362 ciierari
502 1296 602 1373 ausit,
618 1296 773 1361 ultimam
785 1298 950 1362 rationem
965 1298 1088 1375 valere,
1104 1303 1138 1361 et
1148 1297 1273 1361 librum
1288 1315 1364 1360 esse
1380 1313 1459 1378 sup-

361 1397 721 1480 posititiumt-Viris
733 1418 812 1482 ergo
828 1400 1018 1483 ceteroquin
1029 1399 1246 1477 doctissimis,
1259 1399 1319 1482 qui
1330 1402 1461 1462 tentum
1516 1387 1517 1394 '

362 1498 540 1581 Epitomeu
559 1498 688 1564 Valerii
703 1499 812 1564 adhuc
827 1519 1004 1584 superesse
1018 1507 1052 1564 et
1073 1501 1277 1565 circumferri
1297 1504 1460 1574 statuunt,

361 1600 553 1682 neutiquam
569 1619 659 1682 queo
674 1602 891 1666 subscribere.
934 1601 1046 1667 Multo
1061 1605 1171 1667 minus
1192 1621 1230 1667 se
1243 1601 1324 1665 mihi
1340 1599 1463 1684 probru

364 1700 481 1782 opinio
494 1702 531 1766 S.
543 1700 587 1764 R.
603 1701 725 1766 Bockii
738 1704 774 1766 in
793 1702 996 1767 ‘Grundriss
1011 1705 1101 1768 einer
1113 1702 1380 1784 Vertlreidigung
1403 1700 1463 1764 der

364 1799 749 1886 christlichenRetigion
757 1797 1358 1888 widerdieFeindenndSpiitter,’cui
1365 1819 1463 1865 vero-

364 1903 472 1968 simile
488 1903 633 1983 ridetnr,
652 1907 687 1970 in
703 1905 813 1990 Opere
824 1907 1011 1972 Valeriano
1025 1908 1228 1972 mentionem
1242 1904 1398 1987 injectum
1412 1902 1464 1966 fu·

363 2004 433 2068 isse
452 2005 539 2071 Iesu
554 2005 684 2072 Christi
697 2008 836 2092 ejusque
858 2028 967 2074 rerum
982 2016 1165 2092 gestarum,
1182 2007 1240 2072 sed
1255 2011 1360 2072 totam
1371 2004 1465 2068 illam

363 2107 564 2187 particulam
577 2109 757 2174 interiisse.
793 2109 922 2175 Vereor
934 2112 1035 2189 enim,
1047 2112 1218 2176 stmultos
1228 2107 1382 2174 inveniat
1392 2123 1466 2170 sec-

366 2211 501 2280 tutores.
544 2205 602 2286 At,
629 2211 754 2294 inquis,
785 2210 968 2277 Januarius
993 2213 1209 2294 Nepotianus
1234 2210 1408 2274 Valerium
1430 2208 1467 2270 iu

367 2311 601 2390 compendium
627 2312 763 2391 redegit,
789 2313 839 2374 uti
863 2331 910 2373 ex
936 2312 1013 2392 ejus
1037 2310 1193 2391 Epistola
1209 2314 1358 2384 constat,
1372 2306 1468 2390 (vide

368 2407 561 2471 Fabricium
574 2405 729 2491 loccit.)
768 2406 1109 2472 Libentercoucedm
1147 2407 1352 2489 Composuit
1365 2408 1468 2472 etium

367 2505 545 2589 Epuomen
570 2505 699 2572 Valerii
725 2508 785 2574 Ju.
809 2508 996 2586 Honorius,
1022 2509 1209 2588 Echemus,
1243 2509 1337 2573 cirea
1367 2508 1467 2572 finem
1605 2489 1612 2499 ’

368 2608 488 2674 smenfi
502 2624 567 2672 xv.
609 2606 666 2672 Au
680 2609 755 2674 ideo
770 2609 929 2676 Valerius
949 2617 1061 2676 uester
1076 2612 1227 2676 Honorio
1249 2609 1468 2676 ascribendus

368 2710 677 2776 esti-Hebmm
701 2731 780 2796 orgo
804 2714 904 2776 etiam
935 2733 1023 2778 nuuc
1049 2713 1180 2779 Valerii
1211 2714 1317 2778 libros
1347 2732 1470 2778 nouem

368 2811 533 2892 integros,
552 2814 654 2878 menti
668 2815 749 2880 olim
763 2815 882 2880 hebuit
895 2814 1026 2881 Plinius
1042 2817 1162 2900 major,
1184 2817 1374 2881 habueruut
1389 2815 1471 2881 Gel-

368 2910 442 2976 lius:
460 2913 719 2996 etPlutarohus,
743 2918 843 2982 sicuti
866 2919 909 2983 ab
931 2919 1010 3002 ipso
1027 2920 1167 2987 Valerio
1187 2920 1222 2984 iu
1242 2919 1363 3001 vulgus
1389 2917 1470 2981 editi

371 3018 460 3079 sunt
503 3013 673 3082 Caeterum
701 3019 776 3102 ipse
802 3024 918 3084 auctor
944 3040 1038 3104 opus
1063 3041 1161 3086 suum
1191 3022 1228 3088 in
1250 3020 1357 3085 libros
1383 3018 1472 3083 etin

371 3120 488 3203 capita
514 3118 638 3198 divisit,
669 3121 760 3204 quod
787 3139 833 3185 ex
859 3123 976 3187 multis
1005 3125 1090 3188 locis
1115 3129 1256 3209 apparet
1276 3143 1307 3186 e·
1330 3144 1361 3205 g.
1388 3138 1472 3185 vrrr.

371 3221 424 3284 13.
447 3223 490 3284 ab
512 3222 583 3285 init.
627 3224 732 3288 Tituli
750 3243 836 3287 vero
855 3226 1091 3306 exemplorum,
1114 3227 1174 3307 qui
1199 3225 1235 3286 iu
1259 3223 1474 3286 Editiouihus

372 3321 495 3404 Pighio
506 3323 673 3406 prioribus
686 3324 848 3390 adduntur
863 3332 897 3390 et
906 3325 1076 3390 Glareano
1090 3344 1185 3408 smpe
1197 3324 1335 3387 multum
1346 3323 1474 3403 negotii

372 3423 592 3502 facesserunt,
604 3443 670 3488 non
682 3432 758 3490 suut
772 3425 951 3506 aValerio,
967 3428 1028 3491 sed
1040 3425 1320 3500 adrumetinis,
1330 3421 1474 3505 ideoque

374 3545 435 3590 eos
448 3527 565 3591 merito
578 3526 694 3610 rejecit
705 3527 854 3610 Pighius,
862 3549 926 3594 noc
937 3531 971 3594 iu
983 3528 1138 3594 Editioue
1147 3531 1282 3593 vetuste
1297 3527 1370 3590 sine
1386 3543 1473 3588 auno

376 3629 411 3690 ot
420 3627 500 3693 loco
515 3633 722 3711 competent

419 3728 487 3793 Sed
500 3730 574 3794 hmo
589 3729 762 3795 hactenus.
806 3730 898 3797 Nam
913 3733 1014 3818 plura
1028 3732 1197 3818 persequi,
1206 3738 1239 3798 et
1254 3730 1405 3795 criticam
1419 3727 1475 3792 de·

378 3832 593 3914 scriptionem
630 3833 785 3899 codicum·
813 3835 899 3900 Mss.
927 3843 1030 3918 etque
1058 3836 1250 3900 Edittonum
1286 3831 1476 3917 principum

376 3931 506 4000 Valerii
525 3937 705 4021 adjungere
725 3944 796 4004 tum
819 3938 1048 4004 atrocissimus
1069 3942 1102 4002 et
1112 3935 1303 4001 mortiferus
1324 3932 1475 4010 morbus,

378 4055 401 4099 a
424 4055 494 4119 quo
512 4045 594 4120 post
607 4039 736 4104 multos
759 4058 893 4105 meuses
919 4037 1076 4120 singulari
1096 4038 1162 4102 Dei
1187 4055 1254 4119 ope
1276 4041 1311 4098 et
1333 4032 1475 4099 mirifico

379 4137 506 4202 auxilio
530 4138 662 4206 demum
682 4137 846 4206 liberatus
863 4158 949 4216 sum,
975 4145 1051 4201 tum·
1067 4137 1242 4204 festinatio
1267 4135 1476 4218 bibliopoloe,

380 4237 438 4321 qui
454 4236 527 4320 jam
539 4258 600 4323 per
614 4243 775 4326 integrum
791 4245 945 4307 semestre
967 4237 1008 4302 de
1031 4257 1125 4303 mora
1147 4244 1287 4321 questus
1314 4244 1379 4317 est,
1401 4258 1478 4322 pro·
