3224 5162
526 459 605 508 one.
621 459 671 510 vr.
695 461 743 510 uu
766 461 970 510 euoururrs.
1226 447 1292 514 llo

200 587 323 672 sumsit
345 604 469 682 auimo,
490 623 531 670 ea
551 621 588 668 re
617 602 800 686 sigulficari
823 605 962 670 exitium
990 619 1099 681 suum,
1127 606 1163 675 iu
1189 612 1292 692 quod,

192 712 325 772 metu⁵⁹
346 708 485 789 augurii,
504 707 592 772 tristi
621 707 688 770 fine
710 707 816 771 vitee⁸
836 707 974 773 incidit:
997 729 1037 772 uc
1061 711 1132 771 tum
1158 708 1292 776 demum

200 809 371 873 immobile
386 810 453 873 Dei
468 820 574 893 eaput
587 815 675 874 terro
688 807 784 892 refigi
794 809 913 892 potuit.

242 911 294 973 ll.
319 909 352 974 N
354 931 397 974 ou
411 912 489 979 sinit
503 932 565 976 uos
581 911 630 976 Μ.
643 910 814 990 Crassus,¹²
835 913 922 977 iuter
935 912 1151 994 gravissimus
1166 912 1293 981 Rome-

200 1012 235 1076 ui
245 1018 274 1059 4⁰
294 1013 424 1094 imperii
434 1014 586 1098 jacturos
597 1015 834 1094 numerandus,¹
844 1015 907 1078 hoc
922 1014 1001 1078 loco
1017 1014 1059 1078 de
1072 1033 1109 1078 se
1123 1016 1293 1087 silentium

198 1131 295 1194 ogero
306 1111 326 1177 :³
341 1115 495 1195 plurimis
505 1122 540 1180 et
548 1115 804 1180 evidentissimis
820 1123 899 1180 aute
912 1121 1041 1180 tantem
1055 1117 1185 1181 ruinam
1197 1139 1293 1184 mou-

200 1220 339 1279 strorum
354 1217 507 1298 pulsatus
521 1217 659 1282 ictibus.
702 1218 873 1284 Ducturus
895 1223 965 1284 erat
982 1237 1004 1281 a
1023 1215 1155 1284 Currisi
1176 1221 1292 1287 adver-

231 1409 240 1442 *
256 1413 295 1461 M.
307 1413 389 1463 Crassi
398 1413 478 1464 exitus
487 1415 645 1479 deploroldtu,
655 1418 811 1466 nummoodss
819 1416 884 1466 inter
893 1418 1009 1466 mammos
1017 1419 1097 1468 eludes
1104 1419 1180 1468 nostri
1190 1419 1292 1482 imperii,

199 1490 244 1524 uon
253 1477 346 1538 potitor
357 1493 399 1528 nos
409 1481 480 1528 silere
491 1482 519 1528 de
529 1495 554 1528 se
568 1481 610 1528 lior
620 1481 668 1528 loeo
674 1495 685 1538 ‚·
700 1495 752 1530 eum
760 1481 868 1543 mutter
884 1481 1017 1531 admonitus
1029 1482 1110 1542 fuerit
1128 1489 1184 1533 oute
1201 1489 1294 1534 tuntum

197 1540 356 1591 mmmm
366 1543 547 1594 widodmsimit
552 1543 680 1608 prodigiis.

656 1687 838 1708 mn!

199 1779 298 1830 Brund.
310 1784 332 1831 l.
343 1785 369 1832 2.
381 1797 470 1833 omues
481 1785 588 1836 Torreu.
597 1786 658 1836 Vet.
670 1788 744 1852 Mog.
752 1789 858 1839 Venett.
868 1791 890 1837 l.
899 1791 954 1838 Μ.
964 1791 988 1836 4.
996 1792 1020 1837 5.
1030 1786 1138 1837 Mediol.
1145 1794 1172 1836 et
1181 1787 1294 1852 Herbip.

198 1848 264 1894 -89
280 1845 355 1909 Plglu
367 1847 465 1900 edidit:
482 1849 583 1899 exitium
593 1865 669 1910 suum,
685 1855 782 1916 ioquod
792 1858 867 1903 metus
876 1853 990 1914 auguriir
1006 1866 1116 1916 eumque
1133 1853 1217 1900 secuti
1234 1859 1295 1902 sunt

199 1907 306 1957 Colerus
317 1911 427 1986 allique3
444 1920 471 1962 et
482 1913 519 1962 sic
532 1929 634 1978 quoque
646 1916 725 1978 Thys.
736 1917 833 1979 Delph.
845 1923 873 1966 et
885 1917 984 1966 Minell.
995 1917 1044 1964 nisi
1061 1914 1129 1979 quod
1148 1916 1296 1964 maluerunt

198 1977 271 2046 netu.
295 1973 375 2023 Multr
394 1975 471 2025 codd.
486 1992 544 2026 curn
552 1979 660 2028 Venett.
679 1979 759 2028 Aldd.
778 1980 861 2028 Collo.
881 1980 968 2028 Chele.
987 1987 1015 2028 et
1033 1979 1144 2040 Herbip.
1162 1977 1297 2040 significari

198 2039 290 2084 emtum
299 2051 366 2086 uutm
376 2040 402 2087 iu
412 2055 480 2101 quem
490 2046 565 2090 metus
575 2043 680 2102 augurii.
699 2042 781 2092 Codd.
802 2042 899 2092 Brund.
916 2043 1050 2106 significari
1068 2043 1168 2092 exilium
1185 2055 1253 2090 suum
1269 2041 1295 2090 iu

198 2111 266 2158 quem
276 2106 352 2148 metus
361 2103 456 2163 uugrtrii
464 2119 474 2160 ,·
492 2113 518 2151 et
529 2104 561 2153 ub
571 2105 622 2152 aliu
633 2119 718 2168 manu,
734 2111 806 2155 metu.
840 2107 938 2154 Vocem
956 2107 1046 2155 exitum
1064 2105 1296 2170 probatVorstius.

199 2161 283 2210 Codd.
303 2165 422 2214 Perirou.
440 2166 547 2228 habent,
566 2168 657 2218 exitum
671 2176 699 2218 et
716 2175 818 2226 metum
834 2171 902 2218 uude
921 2169 965 2218 ille
984 2169 1059 2233 legit,
1073 2171 1100 2218 io
1115 2185 1181 2231 quem
1198 2173 1292 2218 metum.

199 2225 331 2276 oliverius
351 2229 443 2291 edidit,
460 2231 561 2280 exitium
579 2233 606 2280 iu
624 2248 708 2296 quem3
730 2233 823 2297 Steph.
840 2242 867 2282 et
884 2232 985 2296 Gryph.
1004 2241 1033 2282 ut
1052 2235 1078 2282 iu
1089 2234 1185 2296 Ultraj.
1197 2238 1220 2283 1.
1230 2237 1256 2282 2.
1268 2241 1297 2282 et

197 2291 325 2340 nonnullis
337 2293 393 2341 aliis
410 2294 512 2344 exitium
530 2310 605 2355 mum,
624 2297 650 2346 iu
668 2311 743 2360 mem.
768 2298 833 2346 Tres
851 2299 959 2347 Turres.
977 2297 1084 2359 habent,
1100 2313 1171 2348 mono
1190 2297 1296 2358 augurii.

199 2353 297 2404 ‘Forte
314 2357 382 2405 vium
402 2356 434 2406 ud
454 2373 539 2407 verum
557 2359 633 2422 hujus
654 2361 704 2410 loci
724 2361 967 2423 interpretationem
988 2363 1083 2410 sternit
1103 2362 1164 2411 Vet.
1184 2375 1241 2425 quar
1261 2363 1298 2410 ito

197 2417 294 2468 habetr
311 2421 413 2470 exitium
422 2436 498 2472 suom.
530 2423 562 2472 Iu
572 2438 638 2486 prtem
648 2429 725 2473 metue
735 2425 871 2487 summum,
882 2428 923 2488 dc.
938 2432 968 2474 ut
979 2438 1042 2488 ergo
1054 2425 1183 2475 referatur
1192 2427 1218 2474 in
1229 2438 1297 2489 quem

197 2481 230 2530 nd
244 2485 376 2542 Octauium,
393 2493 421 2534 et
432 2499 522 2536 seusus
533 2488 585 2537 sit:
603 2488 715 2538 Octavio
734 2491 880 2551 angurium,
897 2488 967 2550 quod
985 2495 1124 2552 metueret,
1140 2489 1242 2551 incidit,
1257 2489 1298 2541 uti

166 2604 172 2622 Ι
197 2545 280 2596 tristis
292 2549 353 2598 vitoe
362 2549 420 2598 finis
431 2551 499 2600 illius
508 2550 619 2601 docuit!
636 2554 782 2616 Kapp-to
798 2554 890 2616 comp.
901 2553 998 2616 Ultruj.
1010 2557 1035 2602 2.
1046 2561 1075 2603 et
1084 2554 1145 2604 Vet.
1158 2554 1235 2602 nostri
1253 2553 1297 2600 im·

193 2611 272 2674 perii.-
289 2612 388 2663 Brund.
400 2621 429 2665 et
439 2614 522 2664 ceteri
532 2615 609 2667 codd.
620 2630 678 2666 eum
690 2616 750 2666 edd.
762 2624 827 2669 vett.
837 2617 943 2682 hubent,
951 2617 1127 2668 Romani-dl
1145 2617 1188 2668 Itu
1196 2615 1296 2670 uranu.

695 2745 803 2795 NOTAE

196 2851 284 2914 uanis,
301 2852 379 2902 uteit
395 2851 539 2917 Applouus,
551 2855 660 2918 pecunia
671 2869 726 2904 cor·
766 2855 893 2905 consulari
916 2855 1006 2906 habitu
1026 2862 1054 2906 et
1072 2858 1136 2909 sella
1155 2857 1238 2908 curuli
1253 2869 1298 2907 ou·
1380 2871 1383 2876 ’

198 2933 291 2989 ruptus
302 2926 389 2976 dutum
399 2927 478 2990 Syllae
494 2926 572 2978 fidem
583 2944 641 2978 oum
653 2928 726 2979 fefel·
767 2930 822 2992 pite
835 2937 968 2979 truncatus
979 2937 1028 2980 est.
1051 2933 1137 2995 ceput
1147 2931 1298 2982 edGinnum

196 3001 287 3064 lisset;
302 3003 397 3052 multos
408 3004 494 3052 Italioe
505 3005 613 3067 populos
628 3009 674 3066 spe
692 3004 727 3054 cl·
767 3002 889 3064 delutum,
899 3005 1010 3065 primum
1022 3018 1069 3065 pro
1082 3005 1172 3053 rostris
1184 3005 1298 3066 positum

196 3077 285 3128 vitetis
296 3079 323 3127 iu
334 3077 425 3128 urbem
437 3079 550 3128 uocivltr
565 3079 612 3128 sed
627 3079 660 3128 ub
673 3078 727 3128 Oe·
767 3084 818 3126 eet.

198 3154 269 3203 torio
295 3153 405 3218 aliisque
433 3153 532 3203 uiribus
559 3168 618 3203 oum
640 3153 727 3203 Italici
799 3149 860 3200 ΙΙΜ.
871 3148 985 3213 crassus]
996 3150 1037 3199 Ex
1049 3149 1130 3199 nobili
1139 3151 1297 3204 liciniorum

196 3229 235 3278 illl
251 3228 308 3279 foro
328 3229 417 3292 ejecti,
432 3229 621 3294 Tribunusque,
639 3245 671 3278 ue
691 3230 727 3279 le·
767 3233 914 3290 stemmate,
921 3228 1092 3276 Romanorum
1102 3227 1215 3276 omnium
1227 3228 1300 3278 ditis·

197 3318 255 3370 gem
274 3305 367 3368 ferret,
384 3304 546 3369 prohibitus;
572 3312 626 3355 tum
646 3305 728 3355 Cinna
768 3304 856 3366 simus,
867 3304 997 3366 ovatione,
1008 3302 1106 3368 duplici
1117 3304 1263 3368 consulatu,
1271 3312 1300 3356 et

196 3371 254 3446 ipse
275 3383 364 3446 pulsus
383 3382 459 3443 urbe,
477 3381 560 3450 Quis,
584 3383 729 3444 consulatu,
768 3380 1299 3445 censureinsiguis,junotucumPompeio

196 3457 339 3508 honoribus
360 3458 486 3522 privatus,
501 3457 577 3524 eique
601 3456 728 3522 suffectus
768 3465 796 3508 et
808 3458 913 3508 Caesure
925 3458 1061 3520 societate,
1073 3463 1103 3507 ut
1113 3457 1198 3507 omniu
1208 3458 1242 3507 ad
1253 3472 1300 3506 uu·

137 3581 139 3584 ,
199 3533 333 3582 Cornelius
343 3533 456 3582 Merula.
768 3540 823 3584 tum
834 3541 965 3596 regerent,
975 3533 1085 3602 Gallium
1096 3533 1194 3595 Cesar,
1202 3532 1298 3596 Hispe-

231 3615 244 3651 t
262 3607 338 3657 Tristi
340 3608 395 3672 fine
405 3608 474 3670 υἱέα]
492 3608 534 3658 Ab
546 3609 663 3659 exercitu
675 3611 729 3660 No·
767 3611 837 3660 nium
858 3608 1009 3673 Pompeius,
1030 3609 1087 3672 ipse
1107 3609 1208 3673 Syriam
1230 3609 1298 3658 obti-

197 3687 257 3736 leno
268 3691 390 3749 receptus
398 3685 492 3746 Cinna,
498 3686 596 3748 junctis
606 3701 663 3736 oum
673 3689 730 3738 Mu·
767 3685 838 3736 uuit:
865 3684 1033 3749 Parthisque,
1051 3683 1149 3734 Orodis
1171 3683 1298 3733 thesauris

199 3759 357 3823 riuviribus,
374 3761 462 3810 urbem
483 3762 598 3813 invadit:
627 3763 653 3812 iu
677 3779 729 3827 quo
767 3761 876 3826 inhians,
893 3762 1051 3811 oullucousu
1071 3760 1166 3810 bellum
1185 3759 1297 3812 indixit:

198 3851 229 3886 en
239 3838 308 3902 lege,
324 3851 358 3885 ne
375 3837 402 3884 iu
421 3836 491 3886 eires
504 3837 618 3900 saeviret,
634 3837 728 3888 admis·
768 3837 846 3886 ‘Nisi
859 3837 991 3901 eguisset,'
1008 3837 1093 3901 iuquit
1102 3836 1204 3898 Cicero,
1215 3838 1223 3865 ⁴
1235 3848 1299 3885 uuu-

199 3927 241 3963 sus
253 3921 309 3964 eet:
327 3911 459 3976 pollicitus
477 3925 505 3960 se
519 3912 645 3964 scientem
661 3927 727 3963 mor·
768 3905 845 3977 q'uem
865 3913 1027 3977 Euphratem
1046 3913 1118 3961 nulla
1138 3911 1299 3963 bellicatus

200 3990 235 4036 tis
256 4001 359 4038 eausam
378 3985 437 4050 t'ore
458 3988 564 4051 nemini,
589 3988 728 4039 Octavium
769 3987 879 4037 transire
890 3987 1033 4038 voluisset!

198 4062 334 4114 discedere
341 4061 433 4126 jussit,
449 4063 502 4126 qui,
513 4077 571 4112 curu
583 4063 730 4127 Consulem,
800 4061 844 4111 ’Δ
865 4063 965 4126 Όαητέ]
995 4063 1067 4112 Urbe
1089 4062 1298 4127 Mesopotamiae,

201 4151 276 4200 quam
286 4136 423 4200 fugitivum
434 4151 513 4200 ogere
524 4139 623 4202 mallet,
638 4138 729 4188 aCen·
767 4137 809 4186 uui
821 4137 917 4186 Currhu
927 4137 1009 4202 Syrie
1021 4135 1113 4187 fluvius
1125 4152 1218 4190 nomen
1232 4137 1299 4190 seuit

121 4231 125 4238 -
198 4211 287 4260 soriuo
297 4212 407 4276 quodam
416 4213 506 4264 Ciunoe
517 4213 592 4274 duce,
601 4214 728 4277 ejusdem·
764 4228 800 4265 ex
811 4215 955 4279 Stephano.
988 4215 1076 4267 Hodie
1089 4216 1161 4277 Orsa.

200 4300 251 4352 que
263 4286 346 4355 jussu,
362 4295 391 4344 ut
402 4296 491 4340 auctor
508 4297 550 4340 est
560 4290 685 4354 Velleius,
700 4289 727 4352 iu
776 4298 779 4306 ·
