3214 5170
326 402 393 470 ΔΜ
617 413 774 466 rsasnrr
799 413 946 462 usxrsrr
970 413 1043 463 urs.
1067 414 1123 466 ur.

327 557 435 625 offert.
478 555 643 637 Capuam,
657 553 859 620 fallacibus·
879 552 1085 620 Hannibalis
1108 558 1285 641 promissis
1311 559 1419 626 ltaliae

325 663 482 741 regnum4
503 654 628 722 nefaria
643 655 830 721 defectione
843 655 972 737 pacisci
987 675 1198 740 persuasam,
1208 662 1308 724 armis
1323 681 1421 726 nocn-

325 757 486 843 paverat!
529 758 615 822 Tam
628 757 746 823 deinde
770 756 881 839 culpae
906 757 1047 822 hostium
1067 757 1204 840 justns⁵
1226 763 1420 838 aestimator,

325 880 426 945 quam
446 861 624 945 spaciosus
639 860 757 935 victor,
772 856 981 943 Campanum
996 863 1159 937 senatum,
1182 861 1278 944 impii
1294 863 1419 927 decreti

323 968 505 1038 auctorem,
519 958 666 1024 funditus
679 957 789 1022 delere
813 960 998 1023 constituit.
1043 959 1161 1042 Itaque
1176 965 1305 1025 catenis
1319 983 1420 1028 onus-

322 1069 389 1128 tum
400 1065 433 1125 in
448 1061 531 1125 duas
547 1057 717 1123 custodias
732 1058 896 1136 Teanam,
910 1058 1136 1142 Calenamque
1152 1060 1309 1141 divisit;⁶
1339 1081 1420 1126 con-

322 1165 430 1231 silium
445 1167 657 1236 executurus,
672 1179 746 1224 cum
761 1180 803 1225 ea
818 1162 1010 1243 peregisset,
1027 1180 1168 1243 quornm
1183 1162 1420 1228 administran-

320 1265 433 1330 dorum
450 1261 591 1326 celerior
605 1278 684 1324 esse
699 1261 882 1324 necessitas
893 1258 1078 1326 videbatur.
1122 1261 1268 1326 Rumore
1283 1269 1418 1326 antem⁷

320 1367 363 1430 de
377 1363 507 1428 mitiore
523 1368 660 1425 senatus
676 1361 845 1425 sententia
859 1367 946 1438 orto,
971 1379 1013 1423 ne
1027 1361 1176 1427 debitam
1196 1381 1331 1444 poenam
1345 1383 1419 1429 sce·

318 1463 413 1530 lerati
427 1463 622 1544 effugerent,
637 1468 738 1526 nocte
755 1460 904 1524 admisso
919 1480 1017 1542 equo,
1027 1457 1199 1526 Teanum⁸
1223 1462 1415 1542 contendit3

318 1564 574 1646 interiectisque,
602 1562 660 1644 qni
688 1561 736 1626 ibi
764 1564 1034 1638 asservabantur,
1063 1581 1083 1626 e
1111 1564 1279 1645 vestigio⁹
1315 1563 1414 1628 Gales

318 1673 552 1746 musgressua
580 1664 837 1746 perseverantiae
867 1681 939 1726 suta
969 1679 1055 1746 opus
1079 1671 1243 1728 executus
1265 1669 1326 1728 est.
1369 1663 1413 1728 Et

313 1764 386 1847 jam
401 1764 555 1845 deligatis
577 1761 620 1826 ad
644 1763 760 1844 palum
774 1763 939 1839 hostibus,
963 1765 1080 1829 literas
1110 1783 1131 1828 a
1156 1764 1195 1828 P.
1211 1763 1248 1828 G.
1275 1765 1412 1846 nequic·

318 1883 418 1949 quarn
442 1862 623 1948 Campanis
645 1863 813 1930 salutares
838 1866 978 1948 accepit.
1022 1863 1063 1928 In
1089 1865 1220 1930 sinistra
1245 1865 1331 1929 enirn
1352 1883 1412 1927 eas

317 1985 428 2044 manu,
443 1967 532 2031 sicut
546 1973 637 2030 erant
653 1965 798 2043 traditae,
813 1966 967 2050 reposuit
979 1985 989 2045 3
999 1974 1026 2004 ¹⁰
1046 1986 1089 2031 ac
1098 1965 1196 2049 jusso
1208 1966 1326 2030 lictore
1339 1965 1412 2046 lego

317 2075 453 2150 agere,¹¹
482 2072 551 2131 tum
576 2066 710 2148 demum
734 2068 877 2149 apernit,
898 2077 1079 2151 postquam
1102 2068 1169 2132 illis
1191 2067 1412 2150 obtemperari

315 2187 379 2232 non
394 2173 538 2249 poterat.
583 2165 663 2244 Qua
677 2166 870 2230 constantia
883 2168 1034 2232 victoriae
1050 2187 1186 2249 quoqne
1198 2168 1339 2249 gloriam
1353 2186 1410 2231 aas

315 2266 496 2329 tecellit2¹²
518 2265 610 2346 qnia,
627 2266 657 2328 si
680 2285 754 2328 eum
777 2267 865 2327 intra
880 2265 1032 2344 seipsum
1053 2267 1179 2347 partita
1202 2268 1305 2331 lande
1321 2269 1411 2334 aesti-

315 2384 397 2443 mes,
412 2364 570 2449 majorem
587 2363 703 2445 punita
719 2360 846 2442 Capua,
863 2379 964 2441 quam
979 2368 1079 2444 capta
1094 2366 1266 2444 reperies!

346 2583 358 2616 ⁶
373 2582 470 2633 Fulvius
479 2579 552 2628 urrais
570 2581 792 2642 erpeiamcurtem,
807 2579 872 2642 emus
885 2580 947 2628 anes
956 2579 986 2629 ab
996 2579 1131 2630 Hmaibale
1142 2580 1271 2640 fallacitas
1288 2586 1413 2645 mantissis

314 2647 405 2712 decep&
419 2644 466 2693 sibi
473 2649 637 2706 parauerunt
648 2659 673 2693 se
685 2645 766 2694 Italia
774 2658 874 2705 regam
885 2644 1074 2707 intimastis
1089 2644 1202 2694 Rmansis
1258 2651 1347 2697 emeat.

346 2719 356 2742 ⁶
372 2709 401 2757 Si
411 2709 468 2757 retis
476 2710 627 2772 perpendere,
641 2724 673 2758 aa
685 2709 782 2758 Fuluius
798 2709 852 2771 plns
862 2709 940 2758 tumis
950 2715 1066 2759 masclae
1075 2709 1104 2757 ob
1114 2714 1206 2773 coptam
1238 2725 1333 2774 amma,
1340 2727 1409 2776 qm

313 2772 473 2835 obpuboau
489 2771 575 2832 maore
585 2772 684 2835 dignata
693 2773 797 2836 reperies
808 2773 836 2821 ob
844 2773 962 2836 partitam.

773 2907 951 2929 ΟΙΝΜΟΜΝ

311 3003 388 3082 Piph.
399 3003 528 3070 nisiquod
540 3005 602 3054 Vet.
615 3005 694 3055 babet
710 3011 893 3070 mutuaret
909 3005 953 3057 its
970 3019 1058 3056 omnes
1077 3007 1152 3058 codd.
1171 3007 1265 3068 copes.
1283 3018 1408 3072 excepto,
1514 3033 1516 3040 ·

311 3083 357 3133 qni
367 3069 446 3120 habet
455 3071 617 3132 regimen-5
636 3069 679 3120 lta
689 3071 767 3121 codd.
779 3072 917 3135 Pighiani:
935 3070 996 3120 edd.
1009 3077 1072 3121 rett.
1083 3071 1197 3121 habeut:
1215 3071 1319 3121 Tandem
1332 3075 1406 3136 calpa

310 3133 335 3182 lt.
346 3132 488 3196 taminatus,
497 3136 537 3196 &a
569 3133 634 3183 Mor
645 3148 733 3184 ornnes
744 3135 821 3187 codd.
832 3136 944 3185 habent:
964 3136 1108 3199 Commium
1115 3140 1221 3184 motam
1228 3151 1239 3194 ,·
1254 3136 1301 3184 sed
1313 3137 1406 3201 Copes.

311 3203 339 3248 et
357 3197 417 3248 edd.
436 3203 501 3248 vett.
520 3199 658 3261 Capram
672 3204 837 3250 eminane-ti
856 3199 945 3248 Thenai
958 3200 1097 3264 camare
1115 3200 1197 3248 dicirit
1214 3198 1293 3249 Atdd.
1315 3210 1406 3253 contra

310 3275 399 3310 omnes
411 3260 487 3310 codd.
506 3261 623 3315 Theseum
634 3263 660 3312 iu
672 3265 729 3312 eliis
741 3270 805 3313 vett.
816 3263 908 3312 dimisit
919 3264 1015 3327 Ultraj.
1026 3268 1050 3313 2.
1071 3270 1098 3314 et
1116 3264 1150 3313 sb
1161 3264 1195 3313 sl.
1212 3278 1245 3314 m.
1263 3264 1336 3316 Leid.
1347 3270 1406 3315 2.-

309 3328 325 3374 i
342 3324 385 3375 Ita
396 3325 478 3374 edidit
489 3324 612 3438 Piprhius:
630 3327 730 3391 aliquot
740 3327 893 3377 Turraniani
907 3341 966 3376 cnm
986 3329 1072 3391 vulga.
1091 3327 1195 3377 Romae
1205 3328 1348 3378 deinde—8
1363 3329 1405 3380 Sic

309 3389 424 3438 nonnulli
436 3388 512 3438 codd.
545 3404 630 3440 orren.
640 3398 670 3440 et
679 3404 746 3440 nuris
756 3391 854 3440 Brand.
864 3404 922 3440 enm
931 3392 993 3443 Vet.
1012 3393 1084 3454 Mog.
1101 3389 1210 3440 Medici.
1223 3395 1246 3442 3.
1266 3399 1294 3441 et
1307 3390 1371 3442 Ald·
1380 3399 1404 3444 6.

311 3452 429 3504 Theatrum
438 3452 555 3515 Pigrius,
572 3460 601 3502 nt
619 3453 645 3502 ln
656 3453 737 3506 nidd.
750 3459 773 3503 l.
787 3459 812 3505 2.
827 3459 852 3505 t.
871 3455 972 3504 rama
991 3455 1051 3506 Atd.
1070 3459 1146 3506 s.-9
1162 3455 1257 3519 angg.
1273 3458 1404 3520 aetram

309 3515 418 3568 Torren.
431 3516 525 3578 edidit,
535 3517 658 3579 castigio
671 3518 783 3568 Calenam
794 3518 854 3566 edd.
864 3526 929 3568 rett.
938 3534 984 3596 pro
992 3534 1042 3584 qno
1051 3519 1159 3582 Pighius
1167 3533 1199 3568 ex
1211 3519 1404 3571 canehAtreb.

310 3579 399 3632 Coton.
411 3587 438 3630 et
450 3580 540 3643 Carnp.
551 3579 617 3642 legit
629 3581 706 3641 Gales,
722 3580 789 3645 quod
807 3581 903 3631 babent
913 3592 991 3634 etrum
1002 3585 1100 3648 aliquot
1111 3583 1188 3633 codd.
1200 3583 1309 3635 Torren.
1328 3585 1405 3634 Galles

308 3641 404 3708 Ultrsj.
415 3648 440 3696 8.
452 3649 480 3694 et
491 3645 563 3707 Mog-
595 3643 707 3695 Quidam
718 3659 778 3694 nrox
789 3651 939 3706 exserturus,
954 3647 1023 3712 quod
1035 3647 1129 3711 probat
1140 3646 1261 3697 Periznn.
1271 3647 1333 3698 item
1341 3647 1403 3697 'l'or-

307 3707 403 3766 ronias,
415 3708 460 3784 qui
472 3707 587 3757 voculam
598 3712 633 3757 est
644 3707 712 3756 inter
721 3708 790 3756 Cales
799 3716 826 3756 et
834 3716 993 3770 tromgreaas
1001 3711 1163 3762 inserit-lt
1180 3711 1224 3760 Its
1234 3711 1332 3761 Brund.
1344 3715 1366 3759 1.
1376 3715 1402 3760 2.

307 3770 544 3832 quindecrmnodd.
555 3772 663 3821 Torren.
675 3777 702 3821 rt
712 3771 772 3822 edd.
782 3778 848 3823 reti.
881 3773 989 3837 Pighius
1000 3790 1015 3825 a
1025 3775 1082 3825 Sus.
1094 3775 1180 3826 Pnlrn.
1191 3781 1219 3825 et
1230 3776 1286 3824 aliis
1295 3772 1404 3834 retinnit,

308 3835 376 3896 quod
388 3842 429 3886 est
439 3836 517 3886 etiarn
529 3836 555 3885 in
566 3836 639 3886 Leid.
649 3840 674 3886 7.
687 3837 719 3885 ab
731 3836 763 3885 al.
771 3841 870 3886 ιιι-11
888 3837 1009 3888 Qustnor
1017 3837 1095 3888 codd.
1107 3839 1218 3888 Torren.
1234 3842 1305 3902 tegern
1320 3851 1401 3898 ogere.

308 3904 372 3952 -12
390 3901 497 3964 Pighius
507 3901 534 3950 in
544 3901 659 3966 margine
670 3901 771 3950 notavit
781 3901 843 3950 elias
854 3901 951 3952 habere
961 3903 1097 3966 mearat,
1130 3903 1181 3953 nod
1191 3903 1286 3954 hebent
1297 3914 1403 3964 qnoque

309 3959 359 4014 duo
371 3965 461 4016 Rheni.
472 3975 500 4016 et
511 3965 585 4018 lisrl.
619 3965 720 4016 Deinde
732 3965 824 4015 Leidd.
835 3971 859 4014 5.
880 3969 905 4016 7.
925 3967 1007 4019 Barb.
1019 3973 1043 4020 1.
1065 3976 1094 4018 et
1112 3919 1208 4032 lopas.
1223 3966 1408 4030 reperiare—lt.

799 4107 908 4158 NOTAE

405 4217 678 4281 *Copnomsnltoeibad
696 4217 771 4269 lianc
778 4219 909 4269 historiam
918 4218 1058 4281 diligenter
1067 4221 1237 4285 explicuimus
1248 4236 1307 4285 sup.
1398 4227 1402 4234 '
