<?xml version="1.0" encoding="UTF-8"?>
<!DOCTYPE html PUBLIC "-//W3C//DTD XHTML 1.0 Transitional//EN"
    "http://www.w3.org/TR/xhtml1/DTD/xhtml1-transitional.dtd">
<html xmlns="http://www.w3.org/1999/xhtml" xml:lang="en" lang="en">
 <head>
  <title>
</title>
<meta http-equiv="Content-Type" content="text/html;charset=utf-8" />
  <meta name='ocr-system' content='tesseract 3.04.00' />
  <meta name='ocr-capabilities' content='ocr_page ocr_carea ocr_par ocr_line ocrx_word'/>
</head>
<body>
  <div class='ocr_page' id='page_1' title='image "./valeriimaximifa00maxigoog_0248.png"; bbox 0 0 3224 5162; ppageno 0'>
   <div class='ocr_carea' id='block_1_1' title="bbox 313 467 1100 536">
    <p class='ocr_par' dir='ltr' id='par_1_1' title="bbox 313 467 1100 536">
     <span class='ocr_line' id='line_1_1' title="bbox 313 467 1100 536; baseline 0.004 -9"><span class='ocrx_word' id='word_1_1' title='bbox 313 467 378 536; x_wconf 77' lang='lat' dir='ltr'><strong>23ss</strong></span> <span class='ocrx_word' id='word_1_2' title='bbox 620 479 777 529; x_wconf 71' lang='lat' dir='ltr'><strong>vesunu</strong></span> <span class='ocrx_word' id='word_1_3' title='bbox 802 476 947 528; x_wconf 78' lang='lat' dir='ltr'><strong>nsxnn</strong></span> <span class='ocrx_word' id='word_1_4' title='bbox 974 481 1043 530; x_wconf 79' lang='lat' dir='ltr'><strong>urs.</strong></span> <span class='ocrx_word' id='word_1_5' title='bbox 1061 483 1100 530; x_wconf 89' lang='lat' dir='ltr'><strong>rr.</strong></span> 
     </span>
    </p>
   </div>
   <div class='ocr_carea' id='block_1_2' title="bbox 309 625 1397 1820">
    <p class='ocr_par' dir='ltr' id='par_1_2' title="bbox 313 625 1395 812">
     <span class='ocr_line' id='line_1_2' title="bbox 314 625 1395 710; baseline -0.002 -15"><span class='ocrx_word' id='word_1_6' title='bbox 314 639 378 707; x_wconf 86' lang='lat' dir='ltr'><strong>tos,</strong></span> <span class='ocrx_word' id='word_1_7' title='bbox 391 629 426 692; x_wconf 90' lang='lat' dir='ltr'><strong>in</strong></span> <span class='ocrx_word' id='word_1_8' title='bbox 439 625 511 710; x_wconf 87' lang='lat' dir='ltr'><strong>pari</strong></span> <span class='ocrx_word' id='word_1_9' title='bbox 523 632 549 675; x_wconf 85' lang='lat'><strong>¹⁹</strong></span> <span class='ocrx_word' id='word_1_10' title='bbox 564 625 648 708; x_wconf 80' lang='lat' dir='ltr'><strong>jugo</strong></span> <span class='ocrx_word' id='word_1_11' title='bbox 662 626 812 690; x_wconf 86' lang='lat' dir='ltr'><strong>caritatis</strong></span> <span class='ocrx_word' id='word_1_12' title='bbox 836 625 914 708; x_wconf 86' lang='lat' dir='ltr'><strong>ipsa</strong></span> <span class='ocrx_word' id='word_1_13' title='bbox 938 626 991 688; x_wconf 89' lang='lat' dir='ltr'><strong>sui</strong></span> <span class='ocrx_word' id='word_1_14' title='bbox 1014 625 1241 708; x_wconf 75' lang='lat' dir='ltr'><strong>appellatione</strong></span> <span class='ocrx_word' id='word_1_15' title='bbox 1254 627 1395 693; x_wconf 84' lang='lat' dir='ltr'><strong>virorum</strong></span> 
     </span>
     <span class='ocr_line' id='line_1_3' title="bbox 313 722 1180 812; baseline -0.006 -18"><span class='ocrx_word' id='word_1_16' title='bbox 313 722 474 812; x_wconf 82' lang='lat' dir='ltr'><strong>majestati</strong></span> <span class='ocrx_word' id='word_1_17' title='bbox 488 724 635 789; x_wconf 85' lang='lat' dir='ltr'><strong>debitum</strong></span> <span class='ocrx_word' id='word_1_18' title='bbox 649 745 671 790; x_wconf 89' lang='lat' dir='ltr'><strong>a</strong></span> <span class='ocrx_word' id='word_1_19' title='bbox 684 727 831 791; x_wconf 86' lang='lat' dir='ltr'><strong>soeminis</strong></span> <span class='ocrx_word' id='word_1_20' title='bbox 845 726 986 791; x_wconf 87' lang='lat' dir='ltr'><strong>reddens</strong></span> <span class='ocrx_word' id='word_1_21' title='bbox 999 727 1180 791; x_wconf 62' lang='lat' dir='ltr'><strong>bonorem!</strong></span> 
     </span>
    </p>

    <p class='ocr_par' dir='ltr' id='par_1_3' title="bbox 309 823 1397 1612">
     <span class='ocr_line' id='line_1_4' title="bbox 353 823 1397 911; baseline 0.003 -18"><span class='ocrx_word' id='word_1_22' title='bbox 353 831 386 893; x_wconf 81' lang='grc'><strong>7.</strong></span> <span class='ocrx_word' id='word_1_23' title='bbox 408 825 614 911; x_wconf 88' lang='lat' dir='ltr'><strong>Hujusmodi</strong></span> <span class='ocrx_word' id='word_1_24' title='bbox 627 826 714 890; x_wconf 88' lang='lat' dir='ltr'><strong>inter</strong></span> <span class='ocrx_word' id='word_1_25' title='bbox 735 827 896 910; x_wconf 78' lang='lat' dir='ltr'><strong>conjuges</strong></span> <span class='ocrx_word' id='word_1_26' title='bbox 910 827 1124 892; x_wconf 87' lang='lat' dir='ltr'><strong>verecundia:</strong></span> <span class='ocrx_word' id='word_1_27' title='bbox 1151 829 1291 911; x_wconf 84' lang='lat' dir='ltr'><strong>quidt²⁰</strong></span> <span class='ocrx_word' id='word_1_28' title='bbox 1311 823 1397 896; x_wconf 80' lang='lat' dir='ltr'><strong>inter</strong></span> 
     </span>
     <span class='ocr_line' id='line_1_5' title="bbox 312 927 1397 1013; baseline 0.002 -20"><span class='ocrx_word' id='word_1_29' title='bbox 312 933 438 994; x_wconf 83' lang='lat' dir='ltr'><strong>ceteras</strong></span> <span class='ocrx_word' id='word_1_30' title='bbox 452 927 715 992; x_wconf 80' lang='lat' dir='ltr'>necessitudines</span> <span class='ocrx_word' id='word_1_31' title='bbox 735 947 843 992; x_wconf 91' lang='lat' dir='ltr'><strong>nonne</strong></span> <span class='ocrx_word' id='word_1_32' title='bbox 865 937 1008 1013; x_wconf 80' lang='lat' dir='ltr'><strong>apparet</strong></span> <span class='ocrx_word' id='word_1_33' title='bbox 1029 930 1300 994; x_wconf 84' lang='lat' dir='ltr'><strong>consentaneats</strong></span> <span class='ocrx_word' id='word_1_34' title='bbox 1320 951 1397 995; x_wconf 91' lang='lat' dir='ltr'><strong>narn</strong></span> 
     </span>
     <span class='ocr_line' id='line_1_6' title="bbox 311 1028 1397 1113; baseline 0 -18"><span class='ocrx_word' id='word_1_35' title='bbox 311 1028 491 1096; x_wconf 90' lang='lat' dir='ltr'><strong>utminimo</strong></span> <span class='ocrx_word' id='word_1_36' title='bbox 505 1028 631 1092; x_wconf 89' lang='lat' dir='ltr'><strong>indicio</strong></span> <span class='ocrx_word' id='word_1_37' title='bbox 643 1028 823 1094; x_wconf 84' lang='lat' dir='ltr'><strong>maximam</strong></span> <span class='ocrx_word' id='word_1_38' title='bbox 834 1030 901 1096; x_wconf 87' lang='lat' dir='ltr'><strong>vim</strong></span> <span class='ocrx_word' id='word_1_39' title='bbox 914 1030 987 1113; x_wconf 87' lang='lat' dir='ltr'><strong>ejus</strong></span> <span class='ocrx_word' id='word_1_40' title='bbox 999 1029 1397 1113; x_wconf 81' lang='lat' dir='ltr'><strong>significem‚&#39;aliquandiu</strong></span> 
     </span>
     <span class='ocr_line' id='line_1_7' title="bbox 310 1129 1397 1216; baseline -0.002 -20"><span class='ocrx_word' id='word_1_41' title='bbox 310 1151 373 1196; x_wconf 89' lang='lat' dir='ltr'><strong>neo</strong></span> <span class='ocrx_word' id='word_1_42' title='bbox 383 1137 559 1216; x_wconf 81' lang='lat' dir='ltr'><strong>paternum</strong></span> <span class='ocrx_word' id='word_1_43' title='bbox 569 1129 638 1194; x_wconf 87' lang='lat' dir='ltr'><strong>filio</strong></span> <span class='ocrx_word' id='word_1_44' title='bbox 648 1132 780 1213; x_wconf 88' lang='lat' dir='ltr'><strong>pubere,</strong></span> <span class='ocrx_word' id='word_1_45' title='bbox 786 1151 1025 1196; x_wconf 88' lang='lat' dir='ltr'><strong>necsooeroum</strong></span> <span class='ocrx_word' id='word_1_46' title='bbox 1035 1151 1156 1212; x_wconf 86' lang='lat' dir='ltr'><strong>genero</strong></span> <span class='ocrx_word' id='word_1_47' title='bbox 1163 1132 1397 1196; x_wconf 84' lang='lat' dir='ltr'><strong>lavabatur.²¹·</strong></span> 
     </span>
     <span class='ocr_line' id='line_1_8' title="bbox 311 1230 1395 1315; baseline -0.002 -19"><span class='ocrx_word' id='word_1_48' title='bbox 311 1230 526 1296; x_wconf 76' lang='lat' dir='ltr'><strong>Manifestum</strong></span> <span class='ocrx_word' id='word_1_49' title='bbox 540 1231 640 1312; x_wconf 82' lang='lat' dir='ltr'><strong>igitur</strong></span> <span class='ocrx_word' id='word_1_50' title='bbox 654 1235 717 1310; x_wconf 87' lang='lat' dir='ltr'><strong>est,</strong></span> <span class='ocrx_word' id='word_1_51' title='bbox 740 1235 866 1295; x_wconf 89' lang='lat' dir='ltr'><strong>tantum</strong></span> <span class='ocrx_word' id='word_1_52' title='bbox 887 1231 1056 1315; x_wconf 86' lang='lat' dir='ltr'><strong>religionis</strong></span> <span class='ocrx_word' id='word_1_53' title='bbox 1071 1231 1225 1314; x_wconf 85' lang='lat' dir='ltr'><strong>sangnini</strong></span> <span class='ocrx_word' id='word_1_54' title='bbox 1240 1239 1276 1295; x_wconf 91' lang='lat' dir='ltr'><strong>et</strong></span> <span class='ocrx_word' id='word_1_55' title='bbox 1291 1231 1395 1295; x_wconf 85' lang='lat' dir='ltr'><strong>affini-</strong></span> 
     </span>
     <span class='ocr_line' id='line_1_9' title="bbox 310 1333 1397 1418; baseline -0.003 -19"><span class='ocrx_word' id='word_1_56' title='bbox 310 1334 382 1410; x_wconf 81' lang='lat' dir='ltr'><strong>uti,</strong></span> <span class='ocrx_word' id='word_1_57' title='bbox 396 1337 555 1416; x_wconf 85' lang='lat' dir='ltr'><strong>quantum</strong></span> <span class='ocrx_word' id='word_1_58' title='bbox 570 1333 654 1416; x_wconf 90' lang='lat' dir='ltr'><strong>ipsis</strong></span> <span class='ocrx_word' id='word_1_59' title='bbox 670 1333 747 1396; x_wconf 89' lang='lat' dir='ltr'><strong>Diis</strong></span> <span class='ocrx_word' id='word_1_60' title='bbox 760 1333 1005 1400; x_wconf 82' lang='lat' dir='ltr'><strong>immortalibus</strong></span> <span class='ocrx_word' id='word_1_61' title='bbox 1020 1335 1198 1399; x_wconf 87' lang='lat' dir='ltr'><strong>tributum:</strong></span> <span class='ocrx_word' id='word_1_62' title='bbox 1220 1335 1299 1418; x_wconf 88' lang='lat' dir='ltr'><strong>qnia</strong></span> <span class='ocrx_word' id='word_1_63' title='bbox 1312 1333 1397 1397; x_wconf 83' lang='lat' dir='ltr'><strong>inter</strong></span> 
     </span>
     <span class='ocr_line' id='line_1_10' title="bbox 309 1427 1394 1519; baseline -0.004 -18"><span class='ocrx_word' id='word_1_64' title='bbox 309 1436 376 1501; x_wconf 85' lang='lat' dir='ltr'><strong>ista</strong></span> <span class='ocrx_word' id='word_1_65' title='bbox 389 1441 458 1497; x_wconf 87' lang='lat' dir='ltr'><strong>tum</strong></span> <span class='ocrx_word' id='word_1_66' title='bbox 473 1439 593 1498; x_wconf 85' lang='lat' dir='ltr'><strong>sancta</strong></span> <span class='ocrx_word' id='word_1_67' title='bbox 613 1435 748 1499; x_wconf 89' lang='lat' dir='ltr'><strong>vincula</strong></span> <span class='ocrx_word' id='word_1_68' title='bbox 761 1453 826 1498; x_wconf 93' lang='lat' dir='ltr'><strong>non</strong></span> <span class='ocrx_word' id='word_1_69' title='bbox 840 1437 945 1518; x_wconf 82' lang='lat' dir='ltr'><strong>magis</strong></span> <span class='ocrx_word' id='word_1_70' title='bbox 960 1455 1060 1519; x_wconf 84' lang='lat' dir='ltr'><strong>qnam</strong></span> <span class='ocrx_word' id='word_1_71' title='bbox 1074 1437 1109 1500; x_wconf 88' lang='lat' dir='ltr'><strong>in</strong></span> <span class='ocrx_word' id='word_1_72' title='bbox 1124 1437 1238 1518; x_wconf 86' lang='lat' dir='ltr'><strong>aliquo</strong></span> <span class='ocrx_word' id='word_1_73' title='bbox 1261 1427 1394 1498; x_wconf 84' lang='lat' dir='ltr'><strong>sacrato</strong></span> 
     </span>
     <span class='ocr_line' id='line_1_11' title="bbox 309 1534 1039 1612; baseline 0.001 -14"><span class='ocrx_word' id='word_1_74' title='bbox 309 1535 421 1598; x_wconf 86' lang='lat' dir='ltr'><strong>loco²²</strong></span> <span class='ocrx_word' id='word_1_75' title='bbox 443 1534 567 1598; x_wconf 85' lang='lat' dir='ltr'><strong>nudare</strong></span> <span class='ocrx_word' id='word_1_76' title='bbox 582 1555 630 1612; x_wconf 89' lang='lat' dir='ltr'><strong>se,</strong></span> <span class='ocrx_word' id='word_1_77' title='bbox 641 1535 735 1598; x_wconf 83' lang='lat' dir='ltr'><strong>ucles</strong></span> <span class='ocrx_word' id='word_1_78' title='bbox 750 1554 824 1599; x_wconf 86' lang='lat' dir='ltr'><strong>esse</strong></span> <span class='ocrx_word' id='word_1_79' title='bbox 838 1535 1039 1601; x_wconf 78' lang='lat' dir='ltr'><strong>credebatur.</strong></span> 
     </span>
    </p>

    <p class='ocr_par' dir='ltr' id='par_1_4' title="bbox 310 1632 1395 1820">
     <span class='ocr_line' id='line_1_12' title="bbox 352 1632 1395 1721; baseline 0 -21"><span class='ocrx_word' id='word_1_80' title='bbox 352 1635 383 1700; x_wconf 85' lang='grc'><strong>8.</strong></span> <span class='ocrx_word' id='word_1_81' title='bbox 406 1632 606 1700; x_wconf 81' lang='lat' dir='ltr'><strong>convivium</strong></span> <span class='ocrx_word' id='word_1_82' title='bbox 620 1636 717 1700; x_wconf 87' lang='lat' dir='ltr'><strong>etiam</strong></span> <span class='ocrx_word' id='word_1_83' title='bbox 734 1637 869 1700; x_wconf 80' lang='lat' dir='ltr'><strong>solenne</strong></span> <span class='ocrx_word' id='word_1_84' title='bbox 891 1637 1031 1721; x_wconf 86' lang='lat' dir='ltr'><strong>majores</strong></span> <span class='ocrx_word' id='word_1_85' title='bbox 1054 1639 1269 1716; x_wconf 89' lang='lat' dir='ltr'><strong>instituerunt,</strong></span> <span class='ocrx_word' id='word_1_86' title='bbox 1294 1638 1395 1720; x_wconf 89' lang='lat' dir='ltr'><strong>idque</strong></span> 
     </span>
     <span class='ocr_line' id='line_1_13' title="bbox 310 1735 1395 1820; baseline -0.002 -19"><span class='ocrx_word' id='word_1_87' title='bbox 310 1735 478 1801; x_wconf 77' lang='lat' dir='ltr'><strong>charistia</strong></span> <span class='ocrx_word' id='word_1_88' title='bbox 486 1737 529 1783; x_wconf 74' lang='lat'><strong>²³²</strong></span> <span class='ocrx_word' id='word_1_89' title='bbox 550 1736 815 1818; x_wconf 86' lang='lat' dir='ltr'><strong>appellaverunt,</strong></span> <span class='ocrx_word' id='word_1_90' title='bbox 839 1737 894 1799; x_wconf 88' lang='lat' dir='ltr'><strong>oui</strong></span> <span class='ocrx_word' id='word_1_91' title='bbox 918 1744 1039 1820; x_wconf 84' lang='lat' dir='ltr'><strong>praeter</strong></span> <span class='ocrx_word' id='word_1_92' title='bbox 1053 1746 1216 1820; x_wconf 83' lang='lat' dir='ltr'><strong>cognatos</strong></span> <span class='ocrx_word' id='word_1_93' title='bbox 1231 1745 1266 1800; x_wconf 89' lang='lat' dir='ltr'><strong>et</strong></span> <span class='ocrx_word' id='word_1_94' title='bbox 1280 1735 1395 1801; x_wconf 86' lang='lat' dir='ltr'><strong>affines</strong></span> 
     </span>
    </p>
   </div>
   <div class='ocr_carea' id='block_1_3' title="bbox 308 1836 1505 1919">
    <p class='ocr_par' dir='ltr' id='par_1_5' title="bbox 308 1836 1505 1919">
     <span class='ocr_line' id='line_1_14' title="bbox 308 1836 1505 1919; baseline -0.003 -18"><span class='ocrx_word' id='word_1_95' title='bbox 308 1857 406 1901; x_wconf 87' lang='lat' dir='ltr'><strong>nomo</strong></span> <span class='ocrx_word' id='word_1_96' title='bbox 418 1836 705 1919; x_wconf 81' lang='lat' dir='ltr'><strong>interponebatur:</strong></span> <span class='ocrx_word' id='word_1_97' title='bbox 727 1842 775 1914; x_wconf 88' lang='lat' dir='ltr'><strong>ut,</strong></span> <span class='ocrx_word' id='word_1_98' title='bbox 791 1836 822 1900; x_wconf 86' lang='lat' dir='ltr'><strong>si</strong></span> <span class='ocrx_word' id='word_1_99' title='bbox 836 1855 905 1919; x_wconf 87' lang='lat' dir='ltr'><strong>qua</strong></span> <span class='ocrx_word' id='word_1_100' title='bbox 918 1837 1003 1902; x_wconf 89' lang='lat' dir='ltr'><strong>inter</strong></span> <span class='ocrx_word' id='word_1_101' title='bbox 1013 1839 1222 1902; x_wconf 89' lang='lat' dir='ltr'><strong>necessarias</strong></span> <span class='ocrx_word' id='word_1_102' title='bbox 1230 1844 1260 1884; x_wconf 84' lang='lat'><strong>²4</strong></span> <span class='ocrx_word' id='word_1_103' title='bbox 1281 1855 1395 1919; x_wconf 87' lang='lat' dir='ltr'><strong>perso·</strong></span> <span class='ocrx_word' id='word_1_104' title='bbox 1502 1903 1505 1912; x_wconf 50' lang='grc'>,</span> 
     </span>
    </p>
   </div>
   <div class='ocr_carea' id='block_1_4' title="bbox 309 1935 1396 2204">
    <p class='ocr_par' dir='ltr' id='par_1_6' title="bbox 309 1935 1396 2204">
     <span class='ocr_line' id='line_1_15' title="bbox 309 1935 1394 2021; baseline -0.001 -20"><span class='ocrx_word' id='word_1_105' title='bbox 309 1957 370 2002; x_wconf 88' lang='lat' dir='ltr'><strong>nas</strong></span> <span class='ocrx_word' id='word_1_106' title='bbox 384 1937 520 2020; x_wconf 84' lang='lat' dir='ltr'><strong>querela</strong></span> <span class='ocrx_word' id='word_1_107' title='bbox 533 1944 620 2002; x_wconf 87' lang='lat' dir='ltr'><strong>esset</strong></span> <span class='ocrx_word' id='word_1_108' title='bbox 633 1945 718 2015; x_wconf 91' lang='lat' dir='ltr'><strong>orta,</strong></span> <span class='ocrx_word' id='word_1_109' title='bbox 742 1939 835 2021; x_wconf 88' lang='lat' dir='ltr'><strong>apud</strong></span> <span class='ocrx_word' id='word_1_110' title='bbox 858 1958 955 2004; x_wconf 84' lang='lat' dir='ltr'><strong>soora</strong></span> <span class='ocrx_word' id='word_1_111' title='bbox 968 1948 1120 2016; x_wconf 83' lang='lat' dir='ltr'><strong>mensae,u</strong></span> <span class='ocrx_word' id='word_1_112' title='bbox 1141 1947 1175 2003; x_wconf 92' lang='lat' dir='ltr'><strong>et</strong></span> <span class='ocrx_word' id='word_1_113' title='bbox 1202 1940 1289 2002; x_wconf 90' lang='lat' dir='ltr'><strong>inter</strong></span> <span class='ocrx_word' id='word_1_114' title='bbox 1311 1935 1394 2000; x_wconf 85' lang='lat' dir='ltr'><strong>bila·</strong></span> 
     </span>
     <span class='ocr_line' id='line_1_16' title="bbox 309 2038 1396 2115; baseline -0.001 -12"><span class='ocrx_word' id='word_1_115' title='bbox 309 2040 438 2103; x_wconf 81' lang='lat' dir='ltr'><strong>ritatem</strong></span> <span class='ocrx_word' id='word_1_116' title='bbox 464 2039 655 2115; x_wconf 83' lang='lat' dir='ltr'><strong>animorum,</strong></span> <span class='ocrx_word' id='word_1_117' title='bbox 684 2038 872 2106; x_wconf 82' lang='lat' dir='ltr'><strong>fautoribus</strong></span> <span class='ocrx_word' id='word_1_118' title='bbox 898 2040 1086 2105; x_wconf 86' lang='lat' dir='ltr'><strong>concordiae</strong></span> <span class='ocrx_word' id='word_1_119' title='bbox 1117 2040 1275 2107; x_wconf 87' lang='lat' dir='ltr'><strong>adhibitis</strong></span> <span class='ocrx_word' id='word_1_120' title='bbox 1302 2038 1396 2103; x_wconf 89' lang='lat' dir='ltr'><strong>tolle·</strong></span> 
     </span>
     <span class='ocr_line' id='line_1_17' title="bbox 309 2148 406 2204; baseline -0.021 0"><span class='ocrx_word' id='word_1_121' title='bbox 309 2148 406 2204; x_wconf 88' lang='lat' dir='ltr'><strong>retur.</strong></span> 
     </span>
    </p>
   </div>
   <div class='ocr_carea' id='block_1_5' title="bbox 305 2289 1396 2546">
    <p class='ocr_par' dir='ltr' id='par_1_7' title="bbox 307 2289 1396 2426">
     <span class='ocr_line' id='line_1_18' title="bbox 342 2289 1396 2353; baseline 0 -15"><span class='ocrx_word' id='word_1_122' title='bbox 342 2297 352 2323; x_wconf 57' lang='grc' dir='ltr'><strong><em>θ</em></strong></span> <span class='ocrx_word' id='word_1_123' title='bbox 366 2290 397 2338; x_wconf 77' lang='lat' dir='ltr'><strong>Is</strong></span> <span class='ocrx_word' id='word_1_124' title='bbox 407 2295 487 2338; x_wconf 80' lang='lat' dir='ltr'><strong>mutuo</strong></span> <span class='ocrx_word' id='word_1_125' title='bbox 497 2291 579 2340; x_wconf 79' lang='lat' dir='ltr'><strong>meriti</strong></span> <span class='ocrx_word' id='word_1_126' title='bbox 588 2297 611 2339; x_wconf 82' lang='lat' dir='ltr'><strong>et</strong></span> <span class='ocrx_word' id='word_1_127' title='bbox 621 2291 704 2339; x_wconf 76' lang='lat' dir='ltr'><strong>uxoris</strong></span> <span class='ocrx_word' id='word_1_128' title='bbox 714 2291 830 2353; x_wconf 60' lang='lat' dir='ltr'><strong>maestis,</strong></span> <span class='ocrx_word' id='word_1_129' title='bbox 888 2305 910 2338; x_wconf 86' lang='lat' dir='ltr'><strong>m</strong></span> <span class='ocrx_word' id='word_1_130' title='bbox 919 2292 984 2339; x_wconf 83' lang='lat' dir='ltr'><strong>decet</strong></span> <span class='ocrx_word' id='word_1_131' title='bbox 999 2304 1048 2338; x_wconf 79' lang='lat' dir='ltr'><strong>esse</strong></span> <span class='ocrx_word' id='word_1_132' title='bbox 1061 2290 1153 2350; x_wconf 76' lang='lat' dir='ltr'><strong>plenum</strong></span> <span class='ocrx_word' id='word_1_133' title='bbox 1170 2289 1287 2351; x_wconf 62' lang='lat' dir='ltr'><strong>contutis,</strong></span> <span class='ocrx_word' id='word_1_134' title='bbox 1300 2303 1396 2338; x_wconf 71' lang='lat' dir='ltr'><strong>meon</strong></span> 
     </span>
     <span class='ocr_line' id='line_1_19' title="bbox 307 2353 1283 2426; baseline -0.004 -24"><span class='ocrx_word' id='word_1_135' title='bbox 307 2354 360 2418; x_wconf 80' lang='lat' dir='ltr'><strong>ipss</strong></span> <span class='ocrx_word' id='word_1_136' title='bbox 369 2354 407 2402; x_wconf 83' lang='lat' dir='ltr'><strong>ssi</strong></span> <span class='ocrx_word' id='word_1_137' title='bbox 416 2355 560 2404; x_wconf 76' lang='lat' dir='ltr'><strong>insecutione</strong></span> <span class='ocrx_word' id='word_1_138' title='bbox 570 2357 678 2404; x_wconf 73' lang='lat' dir='ltr'><strong>tenorem</strong></span> <span class='ocrx_word' id='word_1_139' title='bbox 689 2356 799 2414; x_wconf 74' lang='lat' dir='ltr'><strong>debiturn,</strong></span> <span class='ocrx_word' id='word_1_140' title='bbox 810 2359 834 2400; x_wconf 81' lang='lat' dir='ltr'><strong>rt</strong></span> <span class='ocrx_word' id='word_1_141' title='bbox 854 2353 953 2411; x_wconf 70' lang='lat' dir='ltr'><strong>emitis,</strong></span> <span class='ocrx_word' id='word_1_142' title='bbox 963 2355 987 2399; x_wconf 78' lang='lat' dir='ltr'><strong>et</strong></span> <span class='ocrx_word' id='word_1_143' title='bbox 997 2353 1099 2424; x_wconf 67' lang='lat' dir='ltr'><strong>sirmis</strong></span> <span class='ocrx_word' id='word_1_144' title='bbox 1109 2353 1233 2411; x_wconf 72' lang='lat' dir='ltr'><strong>dignitati.</strong></span> <span class='ocrx_word' id='word_1_145' title='bbox 1277 2415 1283 2426; x_wconf 31' lang='grc' dir='ltr'>ι</span> 
     </span>
    </p>

    <p class='ocr_par' dir='ltr' id='par_1_8' title="bbox 305 2415 1394 2546">
     <span class='ocr_line' id='line_1_20' title="bbox 335 2415 1394 2486; baseline -0.004 -18"><span class='ocrx_word' id='word_1_146' title='bbox 335 2417 352 2460; x_wconf 82' lang='lat' dir='ltr'><strong><em>s</em></strong></span> <span class='ocrx_word' id='word_1_147' title='bbox 365 2419 421 2468; x_wconf 79' lang='lat' dir='ltr'><strong>Non</strong></span> <span class='ocrx_word' id='word_1_148' title='bbox 430 2424 520 2469; x_wconf 74' lang='lat' dir='ltr'><strong>uncum</strong></span> <span class='ocrx_word' id='word_1_149' title='bbox 530 2420 594 2468; x_wconf 77' lang='lat' dir='ltr'><strong>inter</strong></span> <span class='ocrx_word' id='word_1_150' title='bbox 603 2419 714 2477; x_wconf 73' lang='lat' dir='ltr'><strong>conjuges</strong></span> <span class='ocrx_word' id='word_1_151' title='bbox 723 2416 860 2464; x_wconf 69' lang='lat' dir='ltr'><strong>mamilia</strong></span> <span class='ocrx_word' id='word_1_152' title='bbox 869 2419 993 2469; x_wconf 67' lang='lat' dir='ltr'><strong>emur:</strong></span> <span class='ocrx_word' id='word_1_153' title='bbox 1008 2415 1049 2461; x_wconf 82' lang='lat' dir='ltr'><strong>sed</strong></span> <span class='ocrx_word' id='word_1_154' title='bbox 1059 2418 1130 2486; x_wconf 73' lang='lat' dir='ltr'><strong>ettam</strong></span> <span class='ocrx_word' id='word_1_155' title='bbox 1140 2415 1215 2475; x_wconf 79' lang='lat' dir='ltr'><strong>pudor</strong></span> <span class='ocrx_word' id='word_1_156' title='bbox 1233 2416 1322 2464; x_wconf 70' lang='lat' dir='ltr'><strong>ratuni</strong></span> <span class='ocrx_word' id='word_1_157' title='bbox 1339 2431 1394 2464; x_wconf 80' lang='lat' dir='ltr'><strong>cos·</strong></span> 
     </span>
     <span class='ocr_line' id='line_1_21' title="bbox 305 2477 1178 2546; baseline -0.013 -12"><span class='ocrx_word' id='word_1_158' title='bbox 305 2497 394 2546; x_wconf 70' lang='lat' dir='ltr'><strong>grum</strong></span> <span class='ocrx_word' id='word_1_159' title='bbox 404 2485 466 2534; x_wconf 78' lang='lat' dir='ltr'><strong>ister·</strong></span> <span class='ocrx_word' id='word_1_160' title='bbox 473 2497 585 2546; x_wconf 76' lang='lat' dir='ltr'><strong>persam</strong></span> <span class='ocrx_word' id='word_1_161' title='bbox 595 2481 737 2541; x_wconf 70' lang='lat' dir='ltr'><strong>mqiusctus,</strong></span> <span class='ocrx_word' id='word_1_162' title='bbox 751 2480 789 2526; x_wconf 83' lang='lat' dir='ltr'><strong>oei</strong></span> <span class='ocrx_word' id='word_1_163' title='bbox 797 2477 929 2538; x_wconf 68' lang='lat' dir='ltr'><strong>unguinis,</strong></span> <span class='ocrx_word' id='word_1_164' title='bbox 944 2478 980 2525; x_wconf 81' lang='lat' dir='ltr'><strong>oet</strong></span> <span class='ocrx_word' id='word_1_165' title='bbox 990 2477 1068 2535; x_wconf 80' lang='lat' dir='ltr'><strong>legum</strong></span> <span class='ocrx_word' id='word_1_166' title='bbox 1078 2478 1178 2525; x_wconf 71' lang='lat' dir='ltr'><strong>otmaro.</strong></span> 
     </span>
    </p>
   </div>
   <div class='ocr_carea' id='block_1_6' title="bbox 760 2617 937 2637">
    <p class='ocr_par' dir='ltr' id='par_1_9' title="bbox 760 2617 937 2637">
     <span class='ocr_line' id='line_1_22' title="bbox 760 2617 937 2637; baseline 0 0"><span class='ocrx_word' id='word_1_167' title='bbox 760 2617 937 2637; x_wconf 54' lang='grc' dir='ltr'><strong>ΟΜΝΗ</strong></span> 
     </span>
    </p>
   </div>
   <div class='ocr_carea' id='block_1_7' title="bbox 306 2698 1396 2827">
    <p class='ocr_par' dir='ltr' id='par_1_10' title="bbox 306 2698 1396 2827">
     <span class='ocr_line' id='line_1_23' title="bbox 307 2698 1393 2780; baseline -0.006 -26"><span class='ocrx_word' id='word_1_168' title='bbox 307 2714 335 2755; x_wconf 83' lang='lat' dir='ltr'><strong>et</strong></span> <span class='ocrx_word' id='word_1_169' title='bbox 346 2713 447 2779; x_wconf 79' lang='lat' dir='ltr'><strong>septem</strong></span> <span class='ocrx_word' id='word_1_170' title='bbox 456 2700 615 2780; x_wconf 57' lang='lat' dir='ltr'><strong>lemnisci,</strong></span> <span class='ocrx_word' id='word_1_171' title='bbox 629 2702 655 2750; x_wconf 77' lang='lat' dir='ltr'><strong>iu</strong></span> <span class='ocrx_word' id='word_1_172' title='bbox 673 2714 717 2762; x_wconf 83' lang='lat' dir='ltr'><strong>quo</strong></span> <span class='ocrx_word' id='word_1_173' title='bbox 735 2699 811 2776; x_wconf 51' lang='lat' dir='ltr'><strong>puris</strong></span> <span class='ocrx_word' id='word_1_174' title='bbox 823 2698 891 2749; x_wconf 84' lang='lat' dir='ltr'><strong>unde</strong></span> <span class='ocrx_word' id='word_1_175' title='bbox 908 2698 1059 2775; x_wconf 73' lang='lat' dir='ltr'><strong>Perizonius</strong></span> <span class='ocrx_word' id='word_1_176' title='bbox 1072 2699 1142 2777; x_wconf 35' lang='lat' dir='ltr'><strong>‘lem&#39;t</strong></span> <span class='ocrx_word' id='word_1_177' title='bbox 1159 2701 1229 2774; x_wconf 68' lang='lat' dir='ltr'><strong>tuque</strong></span> <span class='ocrx_word' id='word_1_178' title='bbox 1243 2699 1308 2775; x_wconf 75' lang='lat' dir='ltr'><strong>puri,</strong></span> <span class='ocrx_word' id='word_1_179' title='bbox 1324 2700 1393 2763; x_wconf 89' lang='lat' dir='ltr'><strong>quod</strong></span> 
     </span>
     <span class='ocr_line' id='line_1_24' title="bbox 306 2763 1396 2827; baseline -0.004 -11"><span class='ocrx_word' id='word_1_180' title='bbox 306 2763 715 2817; x_wconf 75' lang='lat' dir='ltr'><strong>exhiberHerns.1.etBsrb.u.</strong></span> <span class='ocrx_word' id='word_1_181' title='bbox 735 2764 830 2812; x_wconf 77' lang='lat' dir='ltr'><strong>ababa</strong></span> <span class='ocrx_word' id='word_1_182' title='bbox 844 2777 928 2813; x_wconf 86' lang='lat' dir='ltr'><strong>manu.</strong></span> <span class='ocrx_word' id='word_1_183' title='bbox 962 2765 1109 2812; x_wconf 76' lang='lat' dir='ltr'><strong>Perizonius</strong></span> <span class='ocrx_word' id='word_1_184' title='bbox 1128 2764 1191 2825; x_wconf 77' lang='lat' dir='ltr'><strong>legit</strong></span> <span class='ocrx_word' id='word_1_185' title='bbox 1208 2777 1276 2812; x_wconf 81' lang='lat' dir='ltr'><strong>enim</strong></span> <span class='ocrx_word' id='word_1_186' title='bbox 1295 2771 1396 2827; x_wconf 86' lang='lat' dir='ltr'><strong>postea,</strong></span> 
     </span>
    </p>
   </div>
   <div class='ocr_carea' id='block_1_8' title="bbox 301 2827 1395 3664">
    <p class='ocr_par' dir='ltr' id='par_1_11' title="bbox 301 2827 1395 3664">
     <span class='ocr_line' id='line_1_25' title="bbox 305 2827 1395 2892; baseline -0.001 -14"><span class='ocrx_word' id='word_1_187' title='bbox 305 2845 332 2878; x_wconf 82' lang='lat' dir='ltr'><strong>nr</strong></span> <span class='ocrx_word' id='word_1_188' title='bbox 341 2829 522 2887; x_wconf 71' lang='lat' dir='ltr'><strong>suminis-20</strong></span> <span class='ocrx_word' id='word_1_189' title='bbox 539 2831 643 2892; x_wconf 80' lang='lat' dir='ltr'><strong>Gnyeto</strong></span> <span class='ocrx_word' id='word_1_190' title='bbox 663 2829 720 2890; x_wconf 82' lang='lat' dir='ltr'><strong>quid</strong></span> <span class='ocrx_word' id='word_1_191' title='bbox 740 2827 878 2876; x_wconf 84' lang='lat' dir='ltr'><strong>delendum</strong></span> <span class='ocrx_word' id='word_1_192' title='bbox 897 2828 1043 2876; x_wconf 80' lang='lat' dir='ltr'><strong>videbatur.</strong></span> <span class='ocrx_word' id='word_1_193' title='bbox 1076 2827 1224 2884; x_wconf 82' lang='lat' dir='ltr'><strong>Perizonius</strong></span> <span class='ocrx_word' id='word_1_194' title='bbox 1241 2829 1323 2892; x_wconf 73' lang='lat' dir='ltr'><strong>legit:</strong></span> <span class='ocrx_word' id='word_1_195' title='bbox 1341 2844 1395 2877; x_wconf 79' lang='lat' dir='ltr'><strong>cou-</strong></span> 
     </span>
     <span class='ocr_line' id='line_1_26' title="bbox 304 2889 1394 2954; baseline 0.002 -14"><span class='ocrx_word' id='word_1_196' title='bbox 304 2889 443 2941; x_wconf 75' lang='lat' dir='ltr'><strong>seutascusl</strong></span> <span class='ocrx_word' id='word_1_197' title='bbox 458 2908 512 2942; x_wconf 80' lang='lat' dir='ltr'><strong>sum</strong></span> <span class='ocrx_word' id='word_1_198' title='bbox 523 2899 550 2940; x_wconf 81' lang='lat' dir='ltr'><strong>st</strong></span> <span class='ocrx_word' id='word_1_199' title='bbox 559 2893 654 2942; x_wconf 82' lang='lat' dir='ltr'><strong>minimo</strong></span> <span class='ocrx_word' id='word_1_200' title='bbox 664 2895 715 2954; x_wconf 78' lang='lat' dir='ltr'><strong>ejus</strong></span> <span class='ocrx_word' id='word_1_201' title='bbox 732 2892 820 2941; x_wconf 76' lang='lat' dir='ltr'><strong>indicio</strong></span> <span class='ocrx_word' id='word_1_202' title='bbox 830 2892 958 2942; x_wconf 68' lang='lat' dir='ltr'><strong>mosivum</strong></span> <span class='ocrx_word' id='word_1_203' title='bbox 976 2892 1025 2954; x_wconf 71' lang='lat' dir='ltr'><strong>qius</strong></span> <span class='ocrx_word' id='word_1_204' title='bbox 1038 2892 1160 2941; x_wconf 68' lang='lat' dir='ltr'><strong>uim-21</strong></span> <span class='ocrx_word' id='word_1_205' title='bbox 1179 2892 1300 2941; x_wconf 82' lang='lat' dir='ltr'><strong>Nonnulli</strong></span> <span class='ocrx_word' id='word_1_206' title='bbox 1317 2893 1394 2942; x_wconf 85' lang='lat' dir='ltr'><strong>codd.</strong></span> 
     </span>
     <span class='ocr_line' id='line_1_27' title="bbox 305 2955 1394 3019; baseline -0.001 -14"><span class='ocrx_word' id='word_1_207' title='bbox 305 2955 515 3007; x_wconf 62' lang='lat' dir='ltr'><strong>lausdunum—22</strong></span> <span class='ocrx_word' id='word_1_208' title='bbox 531 2957 562 3005; x_wconf 85' lang='lat' dir='ltr'><strong>ln</strong></span> <span class='ocrx_word' id='word_1_209' title='bbox 574 2957 704 3005; x_wconf 87' lang='lat' dir='ltr'><strong>nonnullis</strong></span> <span class='ocrx_word' id='word_1_210' title='bbox 715 2955 790 3006; x_wconf 75' lang='lat' dir='ltr'><strong>codd.</strong></span> <span class='ocrx_word' id='word_1_211' title='bbox 802 2971 847 3004; x_wconf 76' lang='lat' dir='ltr'><strong>nou</strong></span> <span class='ocrx_word' id='word_1_212' title='bbox 858 2958 951 3018; x_wconf 75' lang='lat' dir='ltr'><strong>magis.</strong></span> <span class='ocrx_word' id='word_1_213' title='bbox 963 2971 1063 3006; x_wconf 85' lang='lat' dir='ltr'><strong>..sucro</strong></span> <span class='ocrx_word' id='word_1_214' title='bbox 1081 2958 1139 3016; x_wconf 77' lang='lat' dir='ltr'><strong>ioco,</strong></span> <span class='ocrx_word' id='word_1_215' title='bbox 1155 2958 1196 3019; x_wconf 64' lang='lat' dir='ltr'><strong>qe.</strong></span> <span class='ocrx_word' id='word_1_216' title='bbox 1221 2958 1247 3005; x_wconf 92' lang='lat' dir='ltr'><strong>in</strong></span> <span class='ocrx_word' id='word_1_217' title='bbox 1267 2957 1332 3016; x_wconf 77' lang='lat' dir='ltr'><strong>aliis,</strong></span> <span class='ocrx_word' id='word_1_218' title='bbox 1347 2973 1394 3005; x_wconf 79' lang='lat' dir='ltr'><strong>m</strong></span> 
     </span>
     <span class='ocr_line' id='line_1_28' title="bbox 304 3020 1394 3084; baseline -0.001 -14"><span class='ocrx_word' id='word_1_219' title='bbox 304 3021 382 3070; x_wconf 76' lang='lat' dir='ltr'><strong>minse</strong></span> <span class='ocrx_word' id='word_1_220' title='bbox 394 3055 400 3070; x_wconf 90' lang='lat'><strong>.</strong></span> <span class='ocrx_word' id='word_1_221' title='bbox 411 3053 417 3066; x_wconf 90' lang='lat'><strong>.</strong></span> <span class='ocrx_word' id='word_1_222' title='bbox 429 3055 436 3069; x_wconf 94' lang='lat'><strong>.</strong></span> <span class='ocrx_word' id='word_1_223' title='bbox 449 3036 515 3071; x_wconf 83' lang='lat' dir='ltr'><strong>suero</strong></span> <span class='ocrx_word' id='word_1_224' title='bbox 526 3022 632 3084; x_wconf 60' lang='lat' dir='ltr'><strong>locata</strong></span> <span class='ocrx_word' id='word_1_225' title='bbox 664 3021 718 3070; x_wconf 88' lang='lat' dir='ltr'><strong>Pro</strong></span> <span class='ocrx_word' id='word_1_226' title='bbox 738 3021 805 3081; x_wconf 74' lang='lat' dir='ltr'><strong>nefus</strong></span> <span class='ocrx_word' id='word_1_227' title='bbox 815 3021 935 3070; x_wconf 76' lang='lat' dir='ltr'><strong>vorstius</strong></span> <span class='ocrx_word' id='word_1_228' title='bbox 952 3021 1019 3083; x_wconf 84' lang='lat' dir='ltr'><strong>conj.</strong></span> <span class='ocrx_word' id='word_1_229' title='bbox 1030 3020 1074 3080; x_wconf 76' lang='lat' dir='ltr'><strong>fus</strong></span> <span class='ocrx_word' id='word_1_230' title='bbox 1082 3037 1092 3078; x_wconf 80' lang='lat'><strong>,-</strong></span> <span class='ocrx_word' id='word_1_231' title='bbox 1108 3029 1135 3070; x_wconf 89' lang='lat' dir='ltr'><strong>et</strong></span> <span class='ocrx_word' id='word_1_232' title='bbox 1155 3023 1193 3070; x_wconf 87' lang='lat' dir='ltr'><strong>sic</strong></span> <span class='ocrx_word' id='word_1_233' title='bbox 1209 3021 1292 3070; x_wconf 82' lang='lat' dir='ltr'><strong>edidit</strong></span> <span class='ocrx_word' id='word_1_234' title='bbox 1303 3020 1394 3072; x_wconf 83' lang='lat' dir='ltr'><strong>Aldus.</strong></span> 
     </span>
     <span class='ocr_line' id='line_1_29' title="bbox 304 3083 1394 3148; baseline -0.001 -14"><span class='ocrx_word' id='word_1_235' title='bbox 304 3083 444 3134; x_wconf 81' lang='lat' dir='ltr'><strong>Ascensius</strong></span> <span class='ocrx_word' id='word_1_236' title='bbox 456 3085 520 3135; x_wconf 87' lang='lat' dir='ltr'><strong>dicit</strong></span> <span class='ocrx_word' id='word_1_237' title='bbox 532 3100 560 3134; x_wconf 87' lang='lat' dir='ltr'><strong>se</strong></span> <span class='ocrx_word' id='word_1_238' title='bbox 571 3085 706 3147; x_wconf 82' lang='lat' dir='ltr'><strong>legendum</strong></span> <span class='ocrx_word' id='word_1_239' title='bbox 718 3093 809 3148; x_wconf 81' lang='lat' dir='ltr'><strong>putare</strong></span> <span class='ocrx_word' id='word_1_240' title='bbox 818 3085 904 3146; x_wconf 72' lang='lat' dir='ltr'><strong>magis,</strong></span> <span class='ocrx_word' id='word_1_241' title='bbox 921 3095 966 3134; x_wconf 84' lang='lat' dir='ltr'><strong>sut</strong></span> <span class='ocrx_word' id='word_1_242' title='bbox 977 3086 1052 3147; x_wconf 77' lang='lat' dir='ltr'><strong>mqius</strong></span> <span class='ocrx_word' id='word_1_243' title='bbox 1063 3087 1116 3134; x_wconf 89' lang='lat' dir='ltr'><strong>sine</strong></span> <span class='ocrx_word' id='word_1_244' title='bbox 1128 3086 1273 3147; x_wconf 73' lang='lat' dir='ltr'><strong>negatione,</strong></span> <span class='ocrx_word' id='word_1_245' title='bbox 1288 3093 1333 3133; x_wconf 82' lang='lat' dir='ltr'><strong>aut</strong></span> <span class='ocrx_word' id='word_1_246' title='bbox 1349 3100 1394 3133; x_wconf 79' lang='lat' dir='ltr'><strong>nou</strong></span> 
     </span>
     <span class='ocr_line' id='line_1_30' title="bbox 304 3147 1393 3212; baseline -0.002 -14"><span class='ocrx_word' id='word_1_247' title='bbox 304 3149 381 3198; x_wconf 78' lang='lat' dir='ltr'><strong>misus</strong></span> <span class='ocrx_word' id='word_1_248' title='bbox 391 3164 458 3212; x_wconf 81' lang='lat' dir='ltr'><strong>quom</strong></span> <span class='ocrx_word' id='word_1_249' title='bbox 468 3150 495 3199; x_wconf 79' lang='lat' dir='ltr'><strong>is</strong></span> <span class='ocrx_word' id='word_1_250' title='bbox 504 3150 659 3212; x_wconf 70' lang='lat' dir='ltr'><strong>aliquosum</strong></span> <span class='ocrx_word' id='word_1_251' title='bbox 669 3151 717 3198; x_wconf 80' lang='lat' dir='ltr'><strong>loco</strong></span> <span class='ocrx_word' id='word_1_252' title='bbox 722 3165 733 3207; x_wconf 90' lang='lat'><strong>‚·</strong></span> <span class='ocrx_word' id='word_1_253' title='bbox 750 3158 777 3198; x_wconf 85' lang='lat' dir='ltr'><strong>et</strong></span> <span class='ocrx_word' id='word_1_254' title='bbox 797 3147 856 3198; x_wconf 88' lang='lat' dir='ltr'><strong>binc</strong></span> <span class='ocrx_word' id='word_1_255' title='bbox 875 3164 921 3199; x_wconf 79' lang='lat' dir='ltr'><strong>nos</strong></span> <span class='ocrx_word' id='word_1_256' title='bbox 937 3149 1013 3198; x_wconf 78' lang='lat' dir='ltr'><strong>minus</strong></span> <span class='ocrx_word' id='word_1_257' title='bbox 1032 3149 1125 3198; x_wconf 82' lang='lat' dir='ltr'><strong>edidit.</strong></span> <span class='ocrx_word' id='word_1_258' title='bbox 1158 3151 1221 3198; x_wconf 86' lang='lat' dir='ltr'><strong>Tres</strong></span> <span class='ocrx_word' id='word_1_259' title='bbox 1231 3149 1393 3210; x_wconf 85' lang='lat' dir='ltr'><strong>‘l&#39;orrenisni,</strong></span> 
     </span>
     <span class='ocr_line' id='line_1_31' title="bbox 303 3212 1393 3276; baseline -0.001 -15"><span class='ocrx_word' id='word_1_260' title='bbox 303 3215 384 3276; x_wconf 71' lang='lat' dir='ltr'><strong>sliqw</strong></span> <span class='ocrx_word' id='word_1_261' title='bbox 393 3218 483 3262; x_wconf 71' lang='lat' dir='ltr'><strong>sacrm</strong></span> <span class='ocrx_word' id='word_1_262' title='bbox 492 3215 558 3262; x_wconf 81' lang='lat' dir='ltr'><strong>ioco:</strong></span> <span class='ocrx_word' id='word_1_263' title='bbox 576 3219 628 3262; x_wconf 90' lang='lat' dir='ltr'><strong>tres</strong></span> <span class='ocrx_word' id='word_1_264' title='bbox 640 3215 712 3273; x_wconf 84' lang='lat' dir='ltr'><strong>item,</strong></span> <span class='ocrx_word' id='word_1_265' title='bbox 727 3216 861 3262; x_wconf 80' lang='lat' dir='ltr'><strong>crederetur</strong></span> <span class='ocrx_word' id='word_1_266' title='bbox 866 3229 876 3269; x_wconf 92' lang='lat'><strong>,·</strong></span> <span class='ocrx_word' id='word_1_267' title='bbox 891 3213 952 3262; x_wconf 85' lang='lat' dir='ltr'><strong>Vat.</strong></span> <span class='ocrx_word' id='word_1_268' title='bbox 966 3217 988 3262; x_wconf 90' lang='lat' dir='ltr'><strong>l.</strong></span> <span class='ocrx_word' id='word_1_269' title='bbox 999 3213 1194 3263; x_wconf 63' lang='lat' dir='ltr'><strong>sedebus—us</strong></span> <span class='ocrx_word' id='word_1_270' title='bbox 1211 3213 1307 3262; x_wconf 84' lang='lat' dir='ltr'><strong>Decem</strong></span> <span class='ocrx_word' id='word_1_271' title='bbox 1316 3212 1393 3262; x_wconf 91' lang='lat' dir='ltr'><strong>codd.</strong></span> 
     </span>
     <span class='ocr_line' id='line_1_32' title="bbox 306 3277 1392 3337; baseline -0.002 -11"><span class='ocrx_word' id='word_1_272' title='bbox 306 3277 451 3335; x_wconf 67' lang='lat' dir='ltr'><strong>cnmtinm</strong></span> <span class='ocrx_word' id='word_1_273' title='bbox 468 3278 543 3327; x_wconf 89' lang='lat' dir='ltr'><strong>Leid.</strong></span> <span class='ocrx_word' id='word_1_274' title='bbox 554 3281 579 3326; x_wconf 84' lang='grc'><strong>6.</strong></span> <span class='ocrx_word' id='word_1_275' title='bbox 593 3278 738 3336; x_wconf 63' lang='grc' dir='ltr'><strong>Οαήαίέὶα;</strong></span> <span class='ocrx_word' id='word_1_276' title='bbox 754 3277 827 3328; x_wconf 87' lang='lat' dir='ltr'><strong>Leid.</strong></span> <span class='ocrx_word' id='word_1_277' title='bbox 838 3280 862 3327; x_wconf 73' lang='lat'><strong>2.</strong></span> <span class='ocrx_word' id='word_1_278' title='bbox 876 3277 1001 3335; x_wconf 74' lang='lat' dir='ltr'><strong>Curestiu3</strong></span> <span class='ocrx_word' id='word_1_279' title='bbox 1018 3277 1109 3326; x_wconf 77' lang='lat' dir='ltr'><strong>Heinu</strong></span> <span class='ocrx_word' id='word_1_280' title='bbox 1122 3282 1144 3326; x_wconf 89' lang='grc'><strong>1.</strong></span> <span class='ocrx_word' id='word_1_281' title='bbox 1155 3277 1341 3337; x_wconf 62' lang='lat' dir='ltr'><strong>Eucharistiutu</strong></span> <span class='ocrx_word' id='word_1_282' title='bbox 1358 3291 1392 3325; x_wconf 83' lang='lat' dir='ltr'><strong>ex</strong></span> 
     </span>
     <span class='ocr_line' id='line_1_33' title="bbox 303 3339 1393 3402; baseline 0.001 -13"><span class='ocrx_word' id='word_1_283' title='bbox 303 3342 414 3391; x_wconf 83' lang='lat' dir='ltr'><strong>stultitia</strong></span> <span class='ocrx_word' id='word_1_284' title='bbox 425 3341 680 3390; x_wconf 75' lang='lat' dir='ltr'><strong>monachornm—24</strong></span> <span class='ocrx_word' id='word_1_285' title='bbox 698 3341 772 3402; x_wconf 76' lang='lat' dir='ltr'><strong>Pigb.</strong></span> <span class='ocrx_word' id='word_1_286' title='bbox 791 3355 824 3388; x_wconf 84' lang='lat' dir='ltr'><strong>cx</strong></span> <span class='ocrx_word' id='word_1_287' title='bbox 836 3341 931 3390; x_wconf 83' lang='lat' dir='ltr'><strong>Cauclr.</strong></span> <span class='ocrx_word' id='word_1_288' title='bbox 951 3339 1024 3389; x_wconf 83' lang='lat' dir='ltr'><strong>dedit</strong></span> <span class='ocrx_word' id='word_1_289' title='bbox 1043 3339 1198 3396; x_wconf 68' lang='lat' dir='ltr'><strong>secessuriosr</strong></span> <span class='ocrx_word' id='word_1_290' title='bbox 1215 3341 1259 3389; x_wconf 87' lang='lat' dir='ltr'><strong>sed</strong></span> <span class='ocrx_word' id='word_1_291' title='bbox 1279 3352 1393 3390; x_wconf 85' lang='lat' dir='ltr'><strong>nostram</strong></span> 
     </span>
     <span class='ocr_line' id='line_1_34' title="bbox 303 3402 1392 3468; baseline 0 -16"><span class='ocrx_word' id='word_1_292' title='bbox 303 3405 440 3456; x_wconf 81' lang='lat' dir='ltr'><strong>lectionem</strong></span> <span class='ocrx_word' id='word_1_293' title='bbox 451 3410 579 3454; x_wconf 78' lang='lat' dir='ltr'><strong>testantur</strong></span> <span class='ocrx_word' id='word_1_294' title='bbox 596 3419 684 3454; x_wconf 87' lang='lat' dir='ltr'><strong>omnes</strong></span> <span class='ocrx_word' id='word_1_295' title='bbox 704 3404 803 3466; x_wconf 86' lang='lat' dir='ltr'><strong>antiqui</strong></span> <span class='ocrx_word' id='word_1_296' title='bbox 821 3404 889 3468; x_wconf 84' lang='lat' dir='ltr'><strong>typis</strong></span> <span class='ocrx_word' id='word_1_297' title='bbox 907 3405 1040 3466; x_wconf 86' lang='lat' dir='ltr'><strong>expressi;</strong></span> <span class='ocrx_word' id='word_1_298' title='bbox 1057 3405 1170 3467; x_wconf 84' lang='lat' dir='ltr'><strong>itemque</strong></span> <span class='ocrx_word' id='word_1_299' title='bbox 1186 3402 1282 3454; x_wconf 82' lang='lat' dir='ltr'><strong>Brund.</strong></span> <span class='ocrx_word' id='word_1_300' title='bbox 1296 3410 1318 3453; x_wconf 88' lang='lat'><strong>1.</strong></span> <span class='ocrx_word' id='word_1_301' title='bbox 1328 3409 1352 3454; x_wconf 76' lang='lat'><strong>2.</strong></span> <span class='ocrx_word' id='word_1_302' title='bbox 1365 3411 1392 3452; x_wconf 87' lang='lat' dir='ltr'><strong>et</strong></span> 
     </span>
     <span class='ocr_line' id='line_1_35' title="bbox 303 3466 1393 3530; baseline 0.001 -14"><span class='ocrx_word' id='word_1_303' title='bbox 303 3469 385 3520; x_wconf 84' lang='lat' dir='ltr'><strong>Bssil.</strong></span> <span class='ocrx_word' id='word_1_304' title='bbox 397 3469 473 3520; x_wconf 81' lang='lat' dir='ltr'><strong>etsie</strong></span> <span class='ocrx_word' id='word_1_305' title='bbox 485 3469 561 3519; x_wconf 75' lang='lat' dir='ltr'><strong>etism</strong></span> <span class='ocrx_word' id='word_1_306' title='bbox 572 3481 659 3517; x_wconf 84' lang='lat' dir='ltr'><strong>omnes</strong></span> <span class='ocrx_word' id='word_1_307' title='bbox 671 3468 746 3518; x_wconf 88' lang='lat' dir='ltr'><strong>codd.</strong></span> <span class='ocrx_word' id='word_1_308' title='bbox 758 3469 866 3518; x_wconf 81' lang='lat' dir='ltr'><strong>Torren.</strong></span> <span class='ocrx_word' id='word_1_309' title='bbox 877 3468 926 3515; x_wconf 84' lang='lat' dir='ltr'><strong>nisi</strong></span> <span class='ocrx_word' id='word_1_310' title='bbox 936 3467 1003 3530; x_wconf 87' lang='lat' dir='ltr'><strong>quod</strong></span> <span class='ocrx_word' id='word_1_311' title='bbox 1016 3473 1097 3516; x_wconf 87' lang='lat' dir='ltr'><strong>totum</strong></span> <span class='ocrx_word' id='word_1_312' title='bbox 1107 3466 1234 3516; x_wconf 83' lang='lat' dir='ltr'><strong>omittitur</strong></span> <span class='ocrx_word' id='word_1_313' title='bbox 1243 3468 1269 3516; x_wconf 91' lang='lat' dir='ltr'><strong>in</strong></span> <span class='ocrx_word' id='word_1_314' title='bbox 1280 3469 1355 3518; x_wconf 84' lang='lat' dir='ltr'><strong>Leid.</strong></span> <span class='ocrx_word' id='word_1_315' title='bbox 1368 3473 1393 3518; x_wconf 84' lang='grc'><strong>6.</strong></span> 
     </span>
     <span class='ocr_line' id='line_1_36' title="bbox 301 3530 1393 3596; baseline -0.002 -14"><span class='ocrx_word' id='word_1_316' title='bbox 301 3535 402 3594; x_wconf 78' lang='lat' dir='ltr'><strong>querelis</strong></span> <span class='ocrx_word' id='word_1_317' title='bbox 413 3534 438 3582; x_wconf 91' lang='lat' dir='ltr'><strong>in</strong></span> <span class='ocrx_word' id='word_1_318' title='bbox 452 3534 534 3583; x_wconf 85' lang='lat' dir='ltr'><strong>tribus</strong></span> <span class='ocrx_word' id='word_1_319' title='bbox 545 3532 637 3582; x_wconf 87' lang='lat' dir='ltr'><strong>Leidd.</strong></span> <span class='ocrx_word' id='word_1_320' title='bbox 648 3539 676 3582; x_wconf 90' lang='lat' dir='ltr'><strong>et</strong></span> <span class='ocrx_word' id='word_1_321' title='bbox 687 3533 785 3596; x_wconf 80' lang='lat' dir='ltr'><strong>aliquot</strong></span> <span class='ocrx_word' id='word_1_322' title='bbox 795 3531 976 3590; x_wconf 78' lang='lat' dir='ltr'><strong>Torreuianis3</strong></span> <span class='ocrx_word' id='word_1_323' title='bbox 992 3538 1019 3578; x_wconf 91' lang='lat' dir='ltr'><strong>et</strong></span> <span class='ocrx_word' id='word_1_324' title='bbox 1030 3531 1067 3579; x_wconf 90' lang='lat' dir='ltr'><strong>sic</strong></span> <span class='ocrx_word' id='word_1_325' title='bbox 1078 3539 1232 3595; x_wconf 82' lang='lat' dir='ltr'><strong>perpetuum</strong></span> <span class='ocrx_word' id='word_1_326' title='bbox 1243 3530 1298 3581; x_wconf 81' lang='lat' dir='ltr'><strong>fere</strong></span> <span class='ocrx_word' id='word_1_327' title='bbox 1315 3539 1356 3582; x_wconf 86' lang='lat' dir='ltr'><strong>est</strong></span> <span class='ocrx_word' id='word_1_328' title='bbox 1366 3533 1393 3580; x_wconf 93' lang='lat' dir='ltr'><strong>in</strong></span> 
     </span>
     <span class='ocr_line' id='line_1_37' title="bbox 302 3593 1391 3664; baseline 0.001 -18"><span class='ocrx_word' id='word_1_329' title='bbox 302 3599 413 3664; x_wconf 81' lang='lat' dir='ltr'><strong>antiquis</strong></span> <span class='ocrx_word' id='word_1_330' title='bbox 424 3598 543 3662; x_wconf 84' lang='lat' dir='ltr'><strong>inscript.</strong></span> <span class='ocrx_word' id='word_1_331' title='bbox 565 3598 629 3648; x_wconf 85' lang='lat' dir='ltr'><strong>Mox</strong></span> <span class='ocrx_word' id='word_1_332' title='bbox 641 3595 827 3660; x_wconf 79' lang='lat' dir='ltr'><strong>septemdecim</strong></span> <span class='ocrx_word' id='word_1_333' title='bbox 838 3594 914 3645; x_wconf 87' lang='lat' dir='ltr'><strong>codd.</strong></span> <span class='ocrx_word' id='word_1_334' title='bbox 924 3593 1090 3654; x_wconf 78' lang='lat' dir='ltr'><strong>etsoutoribus</strong></span> <span class='ocrx_word' id='word_1_335' title='bbox 1096 3611 1106 3654; x_wconf 94' lang='lat'><strong>‚·</strong></span> <span class='ocrx_word' id='word_1_336' title='bbox 1122 3595 1240 3646; x_wconf 89' lang='lat' dir='ltr'><strong>nonnulli</strong></span> <span class='ocrx_word' id='word_1_337' title='bbox 1249 3595 1391 3657; x_wconf 76' lang='lat' dir='ltr'><strong>factoribus·</strong></span> 
     </span>
    </p>
   </div>
   <div class='ocr_carea' id='block_1_9' title="bbox 796 3721 903 3772">
    <p class='ocr_par' dir='ltr' id='par_1_12' title="bbox 796 3721 903 3772">
     <span class='ocr_line' id='line_1_38' title="bbox 796 3721 903 3772; baseline 0.009 -1"><span class='ocrx_word' id='word_1_338' title='bbox 796 3721 903 3772; x_wconf 81' lang='lat' dir='ltr'><strong>NOTAE</strong></span> 
     </span>
    </p>
   </div>
   <div class='ocr_carea' id='block_1_10' title="bbox 300 3832 1390 4348">
    <p class='ocr_par' dir='ltr' id='par_1_13' title="bbox 300 3832 1390 4348">
     <span class='ocr_line' id='line_1_39' title="bbox 332 3832 1388 3900; baseline -0.006 -11"><span class='ocrx_word' id='word_1_339' title='bbox 332 3837 499 3900; x_wconf 57' lang='lat' dir='ltr'><strong>&#39;lamium</strong></span> <span class='ocrx_word' id='word_1_340' title='bbox 523 3837 588 3886; x_wconf 88' lang='lat' dir='ltr'><strong>Cum</strong></span> <span class='ocrx_word' id='word_1_341' title='bbox 609 3835 678 3899; x_wconf 84' lang='lat' dir='ltr'><strong>apud</strong></span> <span class='ocrx_word' id='word_1_342' title='bbox 698 3837 826 3885; x_wconf 83' lang='lat' dir='ltr'><strong>Romanos</strong></span> <span class='ocrx_word' id='word_1_343' title='bbox 866 3835 910 3899; x_wconf 89' lang='lat' dir='ltr'><strong>qui</strong></span> <span class='ocrx_word' id='word_1_344' title='bbox 932 3833 988 3884; x_wconf 87' lang='lat' dir='ltr'><strong>dies</strong></span> <span class='ocrx_word' id='word_1_345' title='bbox 1004 3836 1128 3887; x_wconf 81' lang='lat' dir='ltr'><strong>conviviis</strong></span> <span class='ocrx_word' id='word_1_346' title='bbox 1149 3844 1219 3888; x_wconf 84' lang='lat' dir='ltr'><strong>totns</strong></span> <span class='ocrx_word' id='word_1_347' title='bbox 1243 3832 1388 3886; x_wconf 80' lang='lat' dir='ltr'><strong>celebratus</strong></span> 
     </span>
     <span class='ocr_line' id='line_1_40' title="bbox 302 3907 1266 3976; baseline -0.008 -11"><span class='ocrx_word' id='word_1_348' title='bbox 302 3929 362 3965; x_wconf 83' lang='lat' dir='ltr'><strong>usus</strong></span> <span class='ocrx_word' id='word_1_349' title='bbox 376 3917 421 3965; x_wconf 88' lang='lat' dir='ltr'><strong>lini</strong></span> <span class='ocrx_word' id='word_1_350' title='bbox 434 3916 515 3964; x_wconf 85' lang='lat' dir='ltr'><strong>rsrior</strong></span> <span class='ocrx_word' id='word_1_351' title='bbox 525 3919 604 3975; x_wconf 82' lang='lat' dir='ltr'><strong>esset,</strong></span> <span class='ocrx_word' id='word_1_352' title='bbox 613 3911 701 3962; x_wconf 82' lang='lat' dir='ltr'><strong>sordes</strong></span> <span class='ocrx_word' id='word_1_353' title='bbox 712 3913 828 3976; x_wconf 83' lang='lat' dir='ltr'><strong>corporis</strong></span> <span class='ocrx_word' id='word_1_354' title='bbox 867 3907 918 3959; x_wconf 83' lang='lat' dir='ltr'><strong>fuit</strong></span> <span class='ocrx_word' id='word_1_355' title='bbox 927 3923 992 3960; x_wconf 73' lang='lat' dir='ltr'><strong>sur.</strong></span> <span class='ocrx_word' id='word_1_356' title='bbox 1008 3911 1140 3962; x_wconf 70' lang='lat' dir='ltr'><strong>Kalendis</strong></span> <span class='ocrx_word' id='word_1_357' title='bbox 1151 3911 1266 3961; x_wconf 82' lang='lat' dir='ltr'><strong>Martias.</strong></span> 
     </span>
     <span class='ocr_line' id='line_1_41' title="bbox 300 3982 1389 4052; baseline -0.004 -14"><span class='ocrx_word' id='word_1_358' title='bbox 300 4003 365 4052; x_wconf 82' lang='lat' dir='ltr'><strong>opus</strong></span> <span class='ocrx_word' id='word_1_359' title='bbox 376 3988 427 4040; x_wconf 84' lang='lat' dir='ltr'><strong>fnit</strong></span> <span class='ocrx_word' id='word_1_360' title='bbox 444 3989 548 4039; x_wconf 82' lang='lat' dir='ltr'><strong>sblnera</strong></span> <span class='ocrx_word' id='word_1_361' title='bbox 560 3988 655 4052; x_wconf 74' lang='lat' dir='ltr'><strong>saepius</strong></span> <span class='ocrx_word' id='word_1_362' title='bbox 665 3987 826 4037; x_wconf 79' lang='lat' dir='ltr'><strong>necessitatis</strong></span> <span class='ocrx_word' id='word_1_363' title='bbox 898 3988 990 4050; x_wconf 66' lang='lat' dir='ltr'><strong>“spuo</strong></span> <span class='ocrx_word' id='word_1_364' title='bbox 999 3999 1069 4037; x_wconf 78' lang='lat' dir='ltr'><strong>sucre</strong></span> <span class='ocrx_word' id='word_1_365' title='bbox 1078 3986 1173 4048; x_wconf 79' lang='lat' dir='ltr'><strong>mem]</strong></span> <span class='ocrx_word' id='word_1_366' title='bbox 1190 3982 1389 4045; x_wconf 83' lang='lat' dir='ltr'><strong>Epnlssintslli·</strong></span> 
     </span>
     <span class='ocr_line' id='line_1_42' title="bbox 301 4057 1390 4126; baseline 0 -16"><span class='ocrx_word' id='word_1_367' title='bbox 301 4077 388 4119; x_wconf 79' lang='lat' dir='ltr'><strong>censs,</strong></span> <span class='ocrx_word' id='word_1_368' title='bbox 413 4062 544 4113; x_wconf 83' lang='lat' dir='ltr'><strong>interdum</strong></span> <span class='ocrx_word' id='word_1_369' title='bbox 572 4063 648 4112; x_wconf 86' lang='lat' dir='ltr'><strong>etism</strong></span> <span class='ocrx_word' id='word_1_370' title='bbox 676 4062 826 4126; x_wconf 72' lang='lat' dir='ltr'><strong>voluptatis.</strong></span> <span class='ocrx_word' id='word_1_371' title='bbox 866 4075 909 4125; x_wconf 78' lang='lat' dir='ltr'><strong>gc,</strong></span> <span class='ocrx_word' id='word_1_372' title='bbox 919 4076 977 4125; x_wconf 81' lang='lat' dir='ltr'><strong>qnae</strong></span> <span class='ocrx_word' id='word_1_373' title='bbox 989 4075 1063 4112; x_wconf 83' lang='lat' dir='ltr'><strong>ssers</strong></span> <span class='ocrx_word' id='word_1_374' title='bbox 1079 4075 1174 4108; x_wconf 70' lang='lat' dir='ltr'><strong>mense</strong></span> <span class='ocrx_word' id='word_1_375' title='bbox 1191 4057 1288 4107; x_wconf 85' lang='lat' dir='ltr'><strong>idcirco</strong></span> <span class='ocrx_word' id='word_1_376' title='bbox 1300 4057 1390 4110; x_wconf 88' lang='lat' dir='ltr'><strong>dicun·</strong></span> 
     </span>
     <span class='ocr_line' id='line_1_43' title="bbox 301 4133 1388 4201; baseline 0.003 -18"><span class='ocrx_word' id='word_1_377' title='bbox 301 4136 389 4184; x_wconf 73' lang='lat' dir='ltr'><strong>Rornae</strong></span> <span class='ocrx_word' id='word_1_378' title='bbox 410 4137 502 4187; x_wconf 82' lang='lat' dir='ltr'><strong>balnea</strong></span> <span class='ocrx_word' id='word_1_379' title='bbox 520 4139 589 4187; x_wconf 82' lang='lat' dir='ltr'><strong>ultra</strong></span> <span class='ocrx_word' id='word_1_380' title='bbox 610 4138 762 4201; x_wconf 78' lang='lat' dir='ltr'><strong>octingenta</strong></span> <span class='ocrx_word' id='word_1_381' title='bbox 780 4151 826 4186; x_wconf 88' lang='lat' dir='ltr'><strong>nu·</strong></span> <span class='ocrx_word' id='word_1_382' title='bbox 865 4142 926 4195; x_wconf 81' lang='lat' dir='ltr'><strong>tnr3</strong></span> <span class='ocrx_word' id='word_1_383' title='bbox 949 4136 1017 4198; x_wconf 89' lang='lat' dir='ltr'><strong>qnod</strong></span> <span class='ocrx_word' id='word_1_384' title='bbox 1028 4136 1176 4196; x_wconf 79' lang='lat' dir='ltr'><strong>priusquam</strong></span> <span class='ocrx_word' id='word_1_385' title='bbox 1195 4133 1235 4182; x_wconf 88' lang='lat' dir='ltr'><strong>his</strong></span> <span class='ocrx_word' id='word_1_386' title='bbox 1254 4147 1388 4186; x_wconf 80' lang='lat' dir='ltr'><strong>vesceren-</strong></span> 
     </span>
     <span class='ocr_line' id='line_1_44' title="bbox 302 4205 1388 4272; baseline 0.004 -13"><span class='ocrx_word' id='word_1_387' title='bbox 302 4215 385 4259; x_wconf 82' lang='lat' dir='ltr'><strong>merat</strong></span> <span class='ocrx_word' id='word_1_388' title='bbox 394 4211 426 4260; x_wconf 88' lang='lat' dir='ltr'><strong>P.</strong></span> <span class='ocrx_word' id='word_1_389' title='bbox 437 4211 537 4261; x_wconf 83' lang='lat' dir='ltr'><strong>Victor.</strong></span> <span class='ocrx_word' id='word_1_390' title='bbox 865 4217 916 4272; x_wconf 86' lang='lat' dir='ltr'><strong>tur,</strong></span> <span class='ocrx_word' id='word_1_391' title='bbox 923 4209 1048 4272; x_wconf 77' lang='lat' dir='ltr'><strong>primitias</strong></span> <span class='ocrx_word' id='word_1_392' title='bbox 1057 4205 1145 4258; x_wconf 82' lang='lat' dir='ltr'><strong>offerri</strong></span> <span class='ocrx_word' id='word_1_393' title='bbox 1156 4209 1215 4261; x_wconf 85' lang='lat' dir='ltr'><strong>Deo</strong></span> <span class='ocrx_word' id='word_1_394' title='bbox 1222 4211 1299 4262; x_wconf 88' lang='lat' dir='ltr'><strong>moris</strong></span> <span class='ocrx_word' id='word_1_395' title='bbox 1310 4220 1388 4268; x_wconf 82' lang='lat' dir='ltr'><strong>esset.</strong></span> 
     </span>
     <span class='ocr_line' id='line_1_45' title="bbox 332 4281 914 4348; baseline 0.003 -18"><span class='ocrx_word' id='word_1_396' title='bbox 332 4281 486 4344; x_wconf 68' lang='lat' dir='ltr'><strong>‘Gloristitfl</strong></span> <span class='ocrx_word' id='word_1_397' title='bbox 514 4284 573 4333; x_wconf 84' lang='lat' dir='ltr'><strong>Hoc</strong></span> <span class='ocrx_word' id='word_1_398' title='bbox 594 4290 644 4348; x_wconf 83' lang='lat' dir='ltr'><strong>est,</strong></span> <span class='ocrx_word' id='word_1_399' title='bbox 660 4282 825 4346; x_wconf 78' lang='lat' dir='ltr'><strong>murificatis,</strong></span> <span class='ocrx_word' id='word_1_400' title='bbox 910 4291 914 4300; x_wconf 91' lang='lat'><em>&#39;</em></span> 
     </span>
    </p>
   </div>
   <div class='ocr_carea' id='block_1_11' title="bbox 0 0 1616 5162">
    <p class='ocr_par' dir='ltr' id='par_1_14' title="bbox 0 0 1616 5162">
     <span class='ocr_line' id='line_1_46' title="bbox 0 0 1616 5162; baseline 0 4"><span class='ocrx_word' id='word_1_401' title='bbox 0 0 1616 5162; x_wconf 95' lang='lat' dir='ltr'><strong> </strong></span> 
     </span>
    </p>
   </div>
  </div>
 </body>
</html>
