3266 5174
412 464 572 516 annun.
596 470 645 516 nn
670 465 884 519 arsurumne
909 474 1094 525 nimrim.
1232 463 1297 528 289

215 614 324 678 etsnb
334 613 449 696 jugum
464 612 602 689 missis:
616 611 656 677 L.
672 611 876 696 lldinuciumf
887 619 1094 680 consulatum
1110 617 1298 701 deponeret
1361 672 1363 676 .

215 713 333 795 coegit,
348 713 438 796 quod
453 718 564 777 castra
579 713 652 796 ejus
666 713 767 777 iidem
781 714 894 778 hostes
910 718 1153 782 obsederantlt
1181 721 1306 804 Indig-·

214 832 292 878 num
307 815 394 876 enim
408 813 555 876 maximo
570 813 710 895 imperio
736 815 887 891 credidit,
909 836 1006 900 quem
1020 837 1089 882 nou
1104 838 1168 883 sua
1181 823 1307 901 virtus,

214 913 381 978 sed-fossa
403 914 592 996 uallumque
614 919 723 977 tutum
746 917 970 995 praestiteratt
994 921 1113 1002 cuique
1139 941 1304 986 verecun-v
1364 925 1368 934 '

214 1013 278 1078 diae
292 1032 357 1076 non
373 1013 490 1090 fuerat,
517 1033 609 1078 arma
632 1014 788 1078 Romana
803 1022 892 1080 metu
908 1021 1035 1101 trepida
1049 1022 1172 1086 clausis
1194 1025 1298 1105 portis

214 1115 394 1178 contineri.¹
439 1115 526 1196 Ergo
552 1115 819 1198 imperiosissimi
848 1135 918 1181 ΧΗ.
940 1121 1060 1199 fasces,
1085 1143 1187 1205 penes
1211 1143 1298 1207 quos

215 1223 362 1292 senatus,
377 1220 410 1279 et
425 1218 743 1299 equestrisordinis,
765 1225 800 1283 et
823 1220 986 1285 universae
1008 1224 1297 1305 plebissummum

213 1312 315 1380 decus
330 1323 409 1396 crat,
425 1337 631 1403 quorumque
646 1327 731 1384 nutu
745 1319 881 1384 Latium
905 1341 945 1385 ac
967 1323 1071 1386 totius
1086 1323 1195 1389 Italioe
1210 1325 1298 1389 vires

212 1419 418 1499 regebantur,
432 1420 561 1483 contusi
585 1425 683 1501 atque
707 1419 806 1484 fracti
828 1419 1012 1486 dictatoriae
1035 1441 1071 1485 se
1095 1423 1297 1489 animadver-

212 1519 299 1582 sioni
313 1520 588 1583 substraveruntr
629 1517 682 1582 Ao
697 1538 739 1582 ne
754 1519 861 1582 inulta
880 1520 962 1584 foret
976 1521 1095 1585 laesa²⁷
1115 1523 1224 1604 gloria
1236 1527 1299 1588 mi-

211 1617 330 1696 litariS,
346 1618 465 1684 consul
488 1619 602 1683 delicti
628 1621 733 1684 omnis
755 1619 884 1683 vindex.
901 1621 1041 1702 punitus
1063 1626 1134 1685 est,
1168 1624 1248 1702 Hm,
1263 1639 1300 1690 ut

212 1719 262 1785 ita
276 1710 398 1797 dicam,
413 1720 570 1800 piaculis,
585 1721 681 1786 Mars
697 1721 825 1805 imperii
850 1722 956 1785 nostri
980 1725 1082 1803 pater,
1106 1724 1165 1786 ubi
1187 1725 1300 1808 aliqua

212 1827 365 1905 exparte
389 1841 410 1884 a
429 1821 497 1885 tuis
524 1823 685 1906 auspiciis
708 1823 938 1903 degeneratum
962 1827 1049 1898 erat,
1064 1843 1182 1887 numen
1207 1831 1299 1890 tuum

212 1923 474 2004 propitiabatur:
497 1923 641 1986 affinium
666 1929 701 1986 et
725 1928 940 2003 cognatorum
964 1926 997 1985 et
1021 1922 1157 1987 fratrum
1182 1926 1299 2002 nota,²⁸

213 2022 355 2089 filiorum
369 2029 488 2104 strage,
502 2023 724 2104 ignominiosa
734 2022 907 2086 consulum
922 2021 1133 2104 ejuratione*

245 2245 259 2279 1
275 2239 341 2300 Ergo
353 2239 449 2298 Cernat,
468 2245 523 2288 onte
533 2252 600 2302 quem
619 2244 746 2302 portentur
756 2239 876 2288 duodecim
888 2238 976 2302 foeces,
994 2256 1045 2305 quc
1062 2241 1134 2304 signo
1152 2246 1206 2290 cont
1216 2240 1298 2294 mant
1381 2299 1383 2308 γ

213 2301 316 2414 impep'i,
325 2308 348 2352 et
360 2305 427 2378 decus
437 2303 548 2416 {en-‘¹3⁸¹'
558 2304 747 2416 tegminis&
756 2304 874 2366 punitioni
883 2305 929 2353 eibi
938 2306 1057 2368 imperate
1066 2320 1082 2353 o
1092 2307 1225 2356 Dictatore.

286 2381 431 2428 momentum
457 2381 497 2430 epo
532 2381 584 2416 eone
682 2381 728 2414 um.

212 2615 277 2660 vett,
293 2626 375 2663 eume.
387 2625 407 2659 e.
418 2612 488 2660 iidem
499 2613 574 2658 hostes
585 2609 610 2658 in
621 2609 750 2660 aliia—27
768 2611 812 2660 Ita
830 2609 938 2674 Pighius
957 2625 989 2660 cx
1008 2611 1094 2659 Pulm.
1112 2615 1140 2658 et
1158 2609 1253 2658 Cauch.
1273 2616 1299 2658 et

212 2674 249 2723 iic
261 2675 337 2722 estin
350 2688 400 2723 uno
411 2673 508 2722 Brand.
525 2674 580 2722 leto
595 2675 728 2736 exhibent,
751 2671 806 2722 site
825 2676 872 2723 leto
890 2675 957 2723 ulter
974 2675 1072 2723 Brand·
1093 2688 1156 2722 unus
1174 2673 1215 2722 vel
1233 2674 1298 2722 alter

211 2735 317 2786 Torren.
328 2738 389 2785 Vet.
402 2738 473 2798 Mog.
484 2737 591 2786 Venett.
606 2736 715 2799 Herbip.
727 2744 753 2785 et
765 2737 872 2788 Mediol.
891 2741 957 2798 loto,
976 2755 1021 2786 seu
1039 2740 1095 2787 laero
1116 2737 1239 2787 omittunt
1256 2737 1299 2784 alii

130 2841 134 2848 .
213 2801 289 2847 codd.
300 2815 358 2848 cum
369 2799 448 2848 Aldd.
459 2806 486 2848 et
497 2800 649 2850 Chalc-28
664 2801 707 2848 Sic
719 2801 796 2849 etiam
808 2802 915 2864 Pighius
933 2817 966 2850 cx
977 2803 1034 2852 Sus.
1052 2811 1081 2852 ut
1100 2810 1141 2849 est
1161 2801 1186 2848 in
1204 2801 1299 2849 Brund.

213 2865 236 2910 1.
246 2866 271 2909 2·
283 2870 310 2910 et
320 2863 405 2910 multis
414 2864 519 2910 Torren.
531 2865 573 2926 qui
593 2864 681 2912 delent
700 2866 817 2924 copulam
837 2872 897 2913 ante
915 2872 1073 2925 cognotorum.
1106 2867 1165 2914 Vet·
1183 2869 1300 2926 pronote

212 2925 276 2990 legit
286 2941 353 2975 nece:
370 2925 396 2974 iu
408 2926 466 2975 eliis
477 2927 536 2974 edd.
548 2933 611 2978 vett.
621 2933 644 2976 et
654 2933 805 2986 cognotorum
815 2933 881 2989 uoto,
897 2923 921 2975 e't
932 2928 1040 2984 fratrom
1047 2930 1208 2992 filiorumque.
1236 2929 1299 2975 Mox

703 3037 807 3087 NOTAE

211 3138 304 3186 contre
330 3133 438 3185 Sabinos
470 3134 591 3198 Nautius,
615 3133 736 3184 adversus
807 3131 866 3184 fh.
887 3131 1032 3194 Minucium]
1065 3129 1234 3194 Augurinum,
1256 3129 1300 3193 qui

214 3210 553 3273 AEqoosMinucinamovit3
571 3211 625 3274 qui,
638 3209 736 3258 durnin
776 3209 906 3274 aliquanto
928 3216 987 3274 post
1016 3204 1162 3255 Proiectus
1192 3218 1299 3253 annonas

213 3285 305 3334 castris
316 3300 344 3334 se
355 3286 463 3350 pavidus
479 3293 560 3349 tenet,
576 3287 612 3336 ita
620 3287 653 3335 ab
661 3288 736 3337 hoste
775 3283 874 3334 nefaria
884 3285 929 3348 Sp.
941 3281 1132 3332 Meliiconsilia
1141 3279 1251 3341 aperuit.

212 3359 390 3425 absarensem,
402 3369 491 3413 utnec
507 3363 606 3426 egredi,
626 3377 674 3411 nec
683 3363 736 3412 vic·
807 3368 820 3404 8
832 3363 982 3410 Consulatum
991 3353 1116 3420 deponere]
1133 3354 1300 3403 Consularem

212 3437 497 3487 tnmtolerorehoeret:
515 3438 753 3501 quodotRomam-
776 3438 917 3487 exercitum
940 3437 1074 3500 ipsumque
1102 3431 1239 3480 Consulem
1262 3429 1300 3477 in·

213 3511 328 3574 suatum,
340 3513 460 3564 Quintius
477 3513 645 3563 Cincinnatus
662 3512 736 3576 operi
775 3526 894 3576 crepans,
917 3508 1058 3572 ‘carebia’
1076 3506 1169 3570 inquit,
1184 3504 1299 3568 ‘praedae

213 3588 310 3650 agresti
331 3587 445 3637 intentus
467 3587 499 3637 ab
521 3590 605 3639 altero
627 3588 736 3638 Consule
776 3594 860 3650 porte,
879 3588 962 3643 miles,
977 3601 1010 3635 ex
1028 3600 1059 3634 eo
1067 3584 1152 3644 hoste,
1166 3581 1208 3629 cni
1218 3594 1299 3643 prope

213 3662 336 3712 Dictator
352 3661 468 3711 diciture
480 3664 601 3712 continuo
611 3663 638 3711 iu
648 3661 736 3712 hostes
776 3664 863 3726 praeda
871 3662 959 3722 suisti3
971 3668 998 3711 et
1007 3662 1085 3724 tau.
1098 3657 1207 3718 Minuci,
1218 3655 1301 3704 donec

213 3735 355 3800 profectus,
366 3743 478 3801 coapost
494 3751 552 3787 acre
568 3744 698 3787 certamen
710 3737 736 3786 in
777 3739 940 3788 Consularem
951 3737 1062 3786 animum
1078 3733 1185 3797 incipias
1197 3731 1301 3792 habere,

213 3817 301 3863 castro
312 3816 398 3876 pulsos
414 3812 447 3861 sd
458 3812 614 3863 deditionem
632 3829 736 3876 compu-
775 3812 925 3876 legotnshis
945 3811 1087 3875 legionibus
1107 3805 1228 3872 praeerisss
1259 3804 1302 3853 Ita

213 3891 422 3956 lit,vperactoque
431 3889 559 3952 triumpho
570 3890 612 3938 die
623 3894 661 3939 16.
674 3890 736 3938 Dic·
777 3901 805 3935 se
820 3889 949 3938 Minucius
965 3885 1069 3934 abdicat
1083 3883 1232 3942 Consulatu,
1244 3881 1301 3943 jus·

213 3971 326 4018 tutorem
337 3965 467 4030 deposuit.
776 3975 870 4024 susque
891 3962 922 4009 ad
946 3959 1090 4009 exercitum
1106 3964 1202 4006 manet.
1234 3956 1300 4004 Haec

246 4041 414 4104 *Subinates
432 4040 520 4104 missio]
545 4040 638 4092 Tribus
657 4038 736 4088 hastis
777 4035 974 4084 Liviuslih.rrr.

212 4113 302 4178 jugum
313 4117 352 4180 fit,
362 4117 431 4166 humi
449 4116 507 4166 fixis
525 4116 633 4176 duabus,
649 4129 737 4177 super·
808 4119 819 4165 t
832 4109 881 4160 Au.
892 4113 931 4160 M.
942 4113 1014 4158 3597.
1039 4109 1083 4159 Ol.
1094 4112 1134 4160 8⁰.
1145 4111 1169 4157 4.
1193 4107 1257 4156 Urb.
1268 4106 1298 4156 C.

216 4201 264 4250 que
273 4203 317 4238 ens
328 4198 474 4242 transversa
485 4191 658 4256 unadeligota
667 4205 683 4251 ;·,
692 4187 738 4238 sub
778 4191 833 4238 296.
850 4187 913 4239 Ant.
925 4185 971 4238 Ch.
982 4189 1039 4236 oto.

214 4263 336 4327 bocjngo
346 4268 468 4318 Dictator
476 4269 569 4332 AEquos
580 4266 658 4318 misit.

279 4345 366 4409 Delpb.
375 4353 399 4397 et
414 4349 469 4399 Vor.
482 4337 546 4399 Cloe.
686 4347 739 4397 Vol.
752 4345 822 4396 Mox.
1215 4340 1236 4386 Τ
