3210 5158
327 426 393 494 442
622 437 779 486 vannum
804 437 948 484 urxrur
974 437 1047 484 urs.
1069 440 1120 486 ιν.

328 583 461 652 ditionis
476 583 563 648 lidus
578 601 706 658 comes,
716 581 850 664 scriptis
866 580 935 644 suis
944 579 1121 662 significat.
1153 582 1260 666 Cujus
1275 586 1419 649 testimo·

327 690 419 752 nium
433 685 520 750 non⁸
542 686 740 767 amplector:
762 683 899 764 proprio
926 683 1014 744 enim
1040 689 1234 766 argumento
1256 687 1330 749 laus
1353 689 1420 750 ista

327 788 459 854 nititur:
475 788 634 870 quoniam
649 807 693 850 ex
707 784 824 848 eodem
839 789 967 848 naturae
983 789 1117 849 uteroct
1131 789 1333 852 continentia
1343 796 1420 852 nata

328 893 390 964 est,
406 895 441 953 et
457 888 568 954 (lator

370 991 402 1056 {i
425 991 571 1056 Drusum
585 990 682 1052 etiam
699 983 962 1062 Germanicum,h
984 986 1141 1051 eximiam
1152 987 1303 1054 Claudiae
1323 991 1422 1054 fami-

327 1095 382 1158 lias
394 1093 543 1172 gloriam,
559 1089 765 1170 Patriaeque⁹
782 1107 891 1152 rarum
907 1095 1147 1166 ornamentum,
1158 1097 1201 1167 et,
1218 1091 1306 1172 quod
1321 1111 1425 1172 super

328 1193 441 1258 omnia
455 1196 518 1265 est,
543 1207 679 1270 operum
694 1206 841 1264 suorum,
865 1207 928 1269 pro
948 1189 1063 1252 habitu
1086 1194 1236 1267 aetatis,¹⁰
1257 1193 1424 1272 maguitu-

326 1293 401 1358 dino
417 1290 533 1354 vitrico
548 1285 690 1372 pariteri
723 1306 764 1350 ao
779 1287 874 1351 fratri
889 1286 1063 1369 Augustis,
1079 1292 1213 1356 duobus
1227 1293 1422 1374 reipublicae

325 1394 448 1459 divinis
463 1391 588 1468 oculis,
610 1388 757 1453 mirifice,
769 1389 1215 1472 respondentemconstitit
1233 1413 1331 1458 usum
1354 1393 1423 1458 Ve-

325 1496 411 1560 neris
426 1477 512 1558 intra
526 1492 678 1575 conjugis
694 1491 869 1555 caritatem
890 1492 1042 1556 clausum
1058 1496 1213 1559 tenuisse.
1256 1495 1421 1560 Antoniaj

326 1616 468 1681 quoque,
491 1596 629 1663 foernina
650 1593 806 1658 laudibus
830 1594 957 1658 virilem
983 1595 1119 1660 familiae
1141 1617 1211 1662 suae
1235 1598 1421 1661 cleritatem

328 1717 550 1783 supergressa,
578 1717 723 1761 amorem
752 1697 864 1762 mariti
893 1699 1024 1778 egregia
1052 1697 1119 1762 fide
1147 1700 1314 1786 pensavit:
1345 1717 1421 1781 quae

327 1800 493 1883 postejus
508 1817 699 1874 excessum,
724 1796 833 1860 formo
856 1802 888 1860 et
912 1785 1046 1860 aetates
1071 1798 1202 1880 florens,
1232 1801 1424 1864 cubiculum

328 1921 444 1966 socrus
468 1919 531 1983 pro
559 1900 717 1983 conjugio
746 1899 879 1964 habuit:
902 1899 937 1962 in
968 1900 1154 1984 eodemque
1182 1908 1256 1966 toro
1280 1863 1421 1966 alterr‘tss

327 2003 566 2068 adolescentiae
581 2002 677 2083 uigor
692 2003 859 2066 extinctus
885 2005 947 2079 est,
969 2002 1105 2067 alterius
1129 2004 1301 2069 vidultatis
1321 2023 1424 2086 expe-

327 2105 446 2168 rientia
474 2103 658 2168 consenuit.
703 2102 782 2166 Hoc
809 2102 1002 2168 cubiculum
1040 2105 1163 2169 talibus
1189 2106 1424 2190 experimentis

327 2224 490 2268 summam
505 2205 681 2286 imponat.⁶
696 2219 707 2269 t

357 2408 367 2432 ⁶
383 2399 488 2450 Antonio
505 2416 560 2450 cero
576 2403 602 2450 ia
619 2403 735 2450 viduitate
745 2413 894 2462 perseuerare
904 2401 935 2447 od
945 2413 1058 2447 mmmmm
1067 2405 1210 2449 senectutem
1221 2405 1339 2465 parserat.
1373 2407 1426 2454 His

329 2465 358 2512 de
369 2465 512 2515 continentia
524 2467 635 2526 exemplis
645 2465 684 2514 tic
691 2465 764 2528 finem
775 2463 928 2525 imponamus.

782 2601 965 2622 “W

327 2705 459 2821 ῧιριτεὴεείἅι
477 2703 683 2818 Ρὶςὶὲἰὲειέεῑιιίῐ
694 2703 830 2818 (idiomatae,t
841 2717 951 2817 suraque
968 2703 1050 2816 seffirti
1070 2709 1130 2778 tunt
1143 2703 1428 2818 acquierg'lhyiiblinel.

329 2783 583 2896 ulldufdiut
595 2782 1429 2886 dltttttsst''ttat‘ttutmtttattendet:

321 2897 427 2956 fratrem
441 2897 529 2947 Tiberii
540 2899 687 2962 patriaque,
705 2897 750 2948 sed
763 2906 864 2960 septem
876 2897 952 2945 codd.
963 2897 1058 2960 Pigbii,
1074 2903 1101 2948 et
1112 2912 1199 2948 ornnes
1210 2900 1316 2950 Torren.
1330 2908 1428 2962 praeter

329 2962 402 3012 aeid.
425 2967 448 3012 1.
469 2971 497 3014 et
517 2961 636 3016 Perizou.
656 2963 860 3022 deleutsrutrem
881 2960 984 3010 Tiberii:
1001 2960 1076 3012 Harl.
1095 2962 1219 3015 exbibotr
1236 2962 1316 3022 fratri
1335 2965 1430 3014 liberio

328 3030 439 3088 Aemate
448 3028 580 3092 patriaque
587 3044 597 3086 ,·
614 3042 679 3078 uuus
691 3027 784 3076 Rbem.
795 3023 874 3086 fratri
885 3027 995 3087 Augusto
1004 3027 1148 3088 patriaque:
1165 3027 1238 3078 Leid.
1250 3033 1273 3078 1.
1290 3033 1313 3076 2.
1333 3029 1429 3092 Copes.

329 3092 463 3156 etUltraj.
485 3097 509 3142 l.
526 3093 659 3158 patriaque
677 3093 839 3144 claram-10
858 3090 923 3140 Haec
944 3090 1075 3142 distinctio
1097 3099 1168 3142 esto
1188 3093 1292 3142 Vorstio
1310 3092 1392 3154 fucta,
1413 3111 1429 3144 a

228 3155 232 3162 “
328 3157 421 3218 Pigbio
433 3157 481 3204 hoc
493 3156 569 3204 modo
581 3155 803 3218 distinguebatur:
823 3169 917 3218 operam
927 3170 1022 3202 sacram
1031 3170 1074 3217 pro
1090 3157 1179 3214 dubita,
1194 3158 1281 3218 atala,
1297 3160 1339 3221 dyc.
1363 3159 1428 3208 Tres

327 3220 403 3270 codd.
415 3222 521 3268 Torren.
533 3221 736 3281 magnitudinem:
753 3221 846 3282 Copae.
861 3233 905 3283 pro
922 3219 1003 3267 lubitu
1020 3221 1100 3267 aetatis
1118 3226 1142 3267 et
1159 3221 1329 3281 magnitudine.
1363 3221 1428 3270 Mox

327 3299 375 3347 pro
385 3284 502 3346 Augustis
514 3283 630 3348 plerique
640 3285 717 3333 codd.
728 3285 836 3332 Torren.
846 3284 944 3332 habent
953 3285 1061 3344 Augusto
1067 3299 1077 3340 ‚·
1089 3284 1159 3333 Leid.
1167 3289 1192 3332 3.
1202 3285 1282 3346 addit,
1293 3286 1428 3338 liberio.-

328 3353 358 3398 11
376 3349 457 3397 Multi
468 3348 544 3397 codd.
555 3349 662 3402 Torreu.
674 3349 761 3399 delent
773 3353 813 3406 εἰς
829 3347 927 3397 Medio.
940 3352 963 3396 1.
974 3347 1061 3411 babet,
1071 3348 1152 3407 formu
1162 3354 1293 3412 alateum
1309 3350 1397 3401 Bitnr.
1405 3355 1429 3399 1.

820 3475 945 3530 NOTAE.
999 3485 1002 3494 '

328 3591 412 3642 censis
422 3592 447 3640 ln
460 3590 573 3656 Cyprum
583 3592 747 3656 navigatione
759 3592 858 3656 egimus
899 3588 925 3638 id
937 3588 1050 3638 muueris
1069 3596 1140 3638 esset
1155 3589 1252 3639 Caesari
1265 3605 1281 3638 a
1297 3589 1358 3642 Diis
1369 3606 1429 3641 cou-

327 3669 376 3717 hoe
389 3669 455 3717 libro
467 3683 489 3717 c.
503 3671 527 3717 1.
773 3675 775 3680 ’
899 3679 1006 3728 cessum,
1023 3673 1053 3716 ut
1075 3665 1124 3730 ipsi
1141 3674 1199 3730 post
1218 3667 1274 3715 'tres
1291 3657 1390 3716 meuses
1410 3682 1428 3716 a

360 3744 433 3798 tAu.
452 3743 731 3794 M.a998.01.181.1.
750 3743 813 3793 Urb.
827 3741 857 3791 C.
899 3742 996 3804 nrrptiis
1022 3750 1128 3791 exactos
1149 3739 1225 3792 liberi
1249 3750 1426 3794 nascerentur.

326 3825 385 3870 out.
414 3820 477 3870 Aut.
490 3821 537 3871 ch.
548 3823 589 3870 bb.
898 3818 940 3865 De
957 3817 1037 3866 Drusi
1047 3817 1144 3881 indole,
1162 3817 1288 3882 victoriis,
1305 3826 1332 3868 et
1342 3823 1427 3868 morte

358 3896 489 3948 lDrusum
505 3898 687 3964 Germanicam]
712 3898 739 3947 Is
759 3898 858 3952 Tiberii
898 3899 998 3957 postea.

327 3985 360 4019 ex
374 3973 448 4022 Liuia
459 3983 541 4024 matre
555 3972 636 4024 frater
652 3974 711 4038 fuit,
730 3975 796 4024 intra
813 3989 858 4038 pe·
930 3969 1042 4022 *Vitare
1055 3969 1159 4036 bdiiter]
1179 3970 1294 4036 Augusto
1304 3976 1331 4019 et
1346 3969 1428 4020 Tibe·

326 4054 401 4096 nates
413 4049 524 4112 Augusti
545 4051 657 4101 Caesaris
676 4057 751 4100 natus
771 4065 858 4100 mense
899 4049 946 4112 rlo,
967 4064 1075 4113 quorum
1095 4049 1160 4099 alter
1176 4057 1236 4114 post
1250 4049 1360 4098 alterum
1380 4049 1430 4098 im·

328 4121 410 4168 tertio
423 4131 483 4182 post
496 4125 642 4175 celebratus
653 4127 772 4190 nuptias:
792 4128 859 4176 uude
898 4127 1010 4192 petavii.

327 4191 391 4238 illud
410 4195 496 4243 Romae
518 4207 570 4248 tam
593 4203 669 4264 vulgo
690 4209 856 4264 usurpatum:
927 4189 940 4242 'J
948 4201 1066 4262 Antonio]
1084 4201 1122 4250 M.
1132 4201 1239 4252 Antonii
1248 4199 1390 4251 Triunrviri
1401 4208 1430 4252 et

328 4265 561 4326 τῡῗῖεῦτνχθῧσίκᾱὶ
578 4273 855 4339 *declamata-quasi
897 4275 1016 4324 Octaviae
1039 4273 1151 4338 Augusti
1173 4276 1267 4326 sororis
1289 4275 1355 4338 filia3
1384 4281 1427 4326 44.
