3224 5162
429 408 510 458 ean.
526 405 550 454 r.
574 407 622 456 nn
645 397 977 456 uarnruoruonun
1002 408 1105 458 arro.
1237 395 1303 463 237

258 551 290 614 9.
314 548 481 614 Senectuti
491 548 651 632 juventus
662 557 676 583 V
697 549 745 613 ita
759 550 963 614 cumulatum
977 555 1010 614 et
1024 551 1303 636 circumspectum

215 651 372 718 honorem·
390 649 562 726 reddebat,
585 655 742 732 tanquam
764 650 912 736 maJores
935 655 1016 715 natu
1042 650 1303 720 adolescentium

216 771 403 816 communes
426 756 538 832 patres
554 756 679 814 essent.
724 748 895 827 Quocirca
904 750 1055 832 juvenes,
1080 753 1223 818 Senatus
1238 756 1303 834 die,

216 852 366 934 utique²⁵
381 851 526 933 aliquem
542 869 586 914 ex
600 852 751 933 patribus
767 853 979 934 conscriptis,
996 859 1054 917 aut
1068 856 1302 938 propinquum,

213 958 272 1024 ant
283 959 456 1034 paternum
468 952 613 1015 amicum
625 951 671 1021 ad
687 952 813 1016 curiam
827 952 1046 1031 deducebant,
1063 953 1217 1038 affixique
1233 956 1303 1019 val-

214 1053 266 1116 vis
280 1053 518 1135 expectabant,
535 1053 644 1118 donec
658 1054 837 1117 reducendi
848 1054 949 1119 etiam
961 1054 1072 1119 officio
1086 1055 1302 1138 fungerentur.

214 1153 291 1233 Qua
306 1153 439 1237 quidem
452 1156 640 1220 voluntaria
663 1157 822 1234 statione,
848 1163 881 1220 et
906 1175 1045 1238 corpora
1066 1163 1101 1220 et
1116 1158 1244 1223 animos
1259 1159 1303 1222 ad

212 1255 348 1338 publica
361 1255 470 1321 officia
481 1257 620 1341 impigre
629 1258 821 1322 sustinenda
833 1259 1043 1334 roborabant,
1055 1259 1214 1341 brevique
1226 1279 1302 1342 pro-

213 1365 340 1421 cessu*
361 1378 529 1423 morarum
539 1357 567 1397 ²⁶
588 1359 624 1421 in
637 1360 748 1423 lucem
776 1358 935 1422 virtutum
958 1377 1094 1422 suarum
1116 1359 1303 1423 verecunda

183 1513 188 1520 ,
211 1457 339 1522 laboris
353 1457 564 1522 meditatione
589 1459 657 1540 ipsi
679 1458 846 1528 doctiores
862 1463 978 1521 arants
1020 1458 1161 1522 Invitati
1175 1458 1217 1521 ad
1233 1479 1302 1524 eoe-

212 1575 291 1622 nam
306 1558 477 1641 diligenter
500 1561 704 1648 quaerehant,
726 1559 878 1643 ‘quinam
893 1559 923 1622 ei
939 1559 1094 1624 convivio
1118 1566 1231 1622 essent
1252 1562 1301 1623 in-

213 1657 394 1722 serraturis
416 1678 458 1722 ne
472 1659 810 1726 seniorisadventum
836 1658 1005 1724 discubitu
1029 1660 1303 1741 praecurrerentz¹

244 1863 258 1898 t
275 1855 309 1902 Et
320 1855 469 1917 ipsijuoeaes
479 1855 545 1906 irari
556 1858 668 1920 temporis
677 1821 785 1920 processu
795 1863 820 1906 et
839 1835 969 1908 oerecurrdc
979 1857 1022 1908 ilia
1034 1855 1122 1908 inieris
1134 1854 1301 1906 exercitatione

212 1921 236 1968 et
246 1919 434 1978 manifestatione
444 1921 559 1969 virtutum
568 1936 663 1969 mearum
673 1923 788 1970 doctiores
795 1926 871 1970 mast.
1293 1925 1297 1930 '

245 1980 258 2012 Ᾰ
273 1983 313 2030 Ne
323 1997 407 2032 aiem
417 1984 576 2034 aecumhemut
587 1989 642 2034 aute
651 1986 776 2034 aduentum
785 1984 892 2033 senioris.

669 2110 848 2130 ‘conuento

212 2204 603 2282 —2d1nunoRhem.etVat.
620 2209 643 2256 1.
662 2203 736 2280 deest
752 2203 840 2267 ruique.
873 2205 973 2282 Postea
991 2219 1037 2268 pro
1056 2205 1130 2270 officio
1141 2205 1203 2255 Vet.
1223 2204 1302 2284 habet

210 2269 627 2397 hhttrsitittttuutt
636 2269 1210 2395 titii?itttttahahit'ttta}
1227 2271 1303 2384 tit

212 2399 269 2448 Lat.
281 2401 337 2448 Lat.
346 2411 421 2460 nnus,
436 2412 544 2460 processu
553 2397 579 2445 ia
589 2399 663 2446 iucem
670 2411 681 2455 ,·
697 2400 725 2444 et
736 2396 773 2444 sic
785 2397 858 2447 Leid.
868 2401 891 2445 i.
901 2397 946 2446 sed
958 2398 1072 2446 additum
1084 2399 1135 2446 alic
1151 2413 1237 2460 mauu,
1254 2414 1302 2446 mc·

210 2477 305 2512 rarum:
322 2463 443 2527 quinque,
457 2476 618 2524 processurum
628 2461 654 2508 iu
668 2460 758 2517 lucem:
774 2459 812 2508 sic
823 2460 919 2509 Venet.
932 2465 956 2510 d.
972 2475 1096 2523 progressu
1114 2477 1193 2512 rerum
1208 2462 1235 2510 ia
1253 2464 1303 2512 luce

210 2528 272 2577 Vnt.
280 2529 409 2576 verecunda
419 2525 505 2575 latoris
514 2525 666 2574 meditatione
676 2524 701 2572 in
713 2523 831 2573 omnibus
842 2523 914 2585 fere3
930 2525 1067 2574 verecundia
1076 2527 1238 2575 emendatam
1247 2533 1304 2576 erat

209 2589 237 2639 in
250 2592 366 2640 Perizon.
378 2590 491 2638 doctiores
501 2594 570 2638 eraai
579 2589 696 2652 plerique
706 2603 714 2647 3
730 2590 836 2637 ductores
846 2595 914 2638 eram
925 2588 1018 2652 Ultraj.
1026 2594 1050 2638 2.
1061 2589 1128 2653 quod
1139 2589 1219 2639 habet
1230 2591 1303 2652 Mag.

209 2656 315 2704 doctores
325 2659 395 2703 eram
405 2667 470 2701 unns
480 2653 572 2701 Rham.
583 2659 611 2701 et
621 2653 659 2702 sic
670 2653 730 2701 Vei.
750 2651 831 2702 Aion.
849 2659 877 2701 et
894 2653 986 2716 Steph.
1006 2653 1052 2702 sed
1073 2653 1179 2704 Arcens.
1196 2655 1303 2716 brevique

208 2733 319 2781 procem
328 2730 446 2766 morarum
456 2721 539 2778 aperta
548 2716 574 2764 ia
584 2717 634 2764 tuce
646 2749 653 2765 .
663 2747 687 2764 ..
698 2716 744 2778 ipsi
754 2719 859 2769 doctores
869 2722 953 2766 aaut:
970 2718 1027 2766 cod.
1041 2718 1121 2768 Basii.
1133 2717 1241 2780 tranique
1250 2733 1305 2780 pro·

211 2794 356 2830 caesurarum
366 2780 393 2826 ia
403 2781 477 2828 iucem
486 2794 509 2828 o.
520 2794 616 2829 suarum
625 2779 762 2829 saecundia
773 2781 790 2828 i.
800 2795 832 2827 m.
843 2781 861 2827 i.
871 2781 981 2830 coctiores
990 2787 1074 2832 eraut:
1090 2781 1228 2831 Puimanni
1246 2782 1304 2832 cod.

212 2844 351 2892 verecundia
360 2848 383 2890 et
395 2842 480 2890 lahoris
490 2859 521 2892 m.
531 2844 550 2891 i.
561 2843 675 2892 doctiores
683 2849 754 2892 eunt:
771 2843 879 2904 Pighius
890 2845 971 2906 legit:
989 2846 1097 2908 breciam
1111 2861 1238 2908 progressu
1255 2862 1303 2895 mo·

212 2921 294 2955 rarum
304 2908 413 2954 iaiucem
424 2907 538 2954 virtutum
554 2907 695 2954 oerecuadia
710 2911 734 2953 et
750 2906 767 2952 i.
784 2921 815 2953 m.
831 2905 878 2966 ipsi
896 2907 1010 2954 doctiores
1027 2915 1098 2957 eunt:
1114 2910 1215 2971 Lipsius
1234 2910 1303 2971 conj.

211 2971 320 3032 breuique
328 2983 519 3031 processurarum
529 2969 645 3018 virtutum
655 2969 782 3017 saecunda
792 2973 816 3015 ei
826 2968 941 3016 taioriosa
951 2971 1110 3031 meditatione,
1126 2973 1173 3032 ipsi
1189 2972 1305 3023 maiores

213 3039 298 3092 erarrt,·
315 3047 390 3096 quam
402 3033 467 3094 conj.
486 3033 596 3094 probant
615 3033 700 3081 Coter.
720 3037 748 3079 et
766 3030 846 3078 Klok.
878 3032 961 3079 ‘Mihi
980 3045 1039 3080 cnm
1057 3034 1183 3083 Torrenio
1203 3032 1305 3082 videtur

213 3099 329 3160 proxime
342 3097 375 3146 ad
387 3111 474 3146 rernm
486 3094 626 3150 accedere:
644 3095 752 3156 breuique
759 3107 949 3155 processurarum
958 3095 984 3142 ia
993 3096 1066 3143 iucem
1078 3095 1194 3144 uirtutum
1209 3110 1304 3146 suarum

213 3163 343 3212 caecando
360 3161 446 3210 latioris
463 3161 615 3210 meditatione
630 3159 678 3223 ipsi
693 3160 798 3208 doctores
817 3157 903 3207 eraut!
921 3158 1010 3222 Kapp.
1043 3157 1151 3207 Arcam.
1162 3157 1240 3209 etiam
1257 3175 1304 3223 pro

706 3288 815 3340 NOTAE

247 3403 389 3456 'Senectuti
398 3405 523 3470 jaceatne]
550 3404 627 3469 Apud
646 3405 739 3454 Roma·
779 3406 856 3466 pater
874 3400 982 3451 totidem
994 3399 1143 3463 liberorum,
1156 3405 1210 3449 tum
1221 3400 1242 3449 is
1261 3401 1304 3464 qui

213 3494 261 3529 nos
272 3487 384 3542 veteres,
402 3497 514 3532 summus
529 3482 621 3542 honos,
638 3493 686 3530 nec
697 3493 739 3542 ge·
780 3479 873 3530 senior.

214 3559 339 3620 neri,nec
356 3561 540 3622 pecuniae,sed
557 3557 739 3607 aetatidetatus
811 3563 828 3588 '¹
847 3555 968 3626 Breoiqae
984 3567 1100 3618 procerem
1116 3551 1169 3615 tra]
1195 3552 1305 3602 Variani

215 3640 270 3684 est:
288 3634 332 3683 nbi
351 3648 411 3683 vero
422 3648 557 3684 numerosa
575 3633 663 3682 sobole
678 3632 739 3681 civi·
779 3632 828 3680 hoc
840 3631 867 3678 in
877 3631 934 3679 loeo
953 3630 1013 3678 libri
1030 3636 1141 3690 veteres,
1157 3632 1185 3676 ct
1195 3629 1233 3677 sic
1250 3628 1305 3690 qni-

216 3709 338 3772 tstiopns
357 3708 426 3769 fnit3
449 3709 493 3773 qni
511 3716 538 3758 et
549 3709 644 3757 liberos
654 3715 681 3756 et
693 3722 740 3755 na·
780 3706 840 3756 dem
858 3705 972 3756 correxit
991 3703 1112 3767 Pighius:
1136 3703 1213 3765 panto
1231 3703 1306 3752 aliter

215 3798 285 3833 orern
304 3784 422 3847 haberet,
444 3785 566 3846 praelatus
588 3783 740 3845 senioribus,
781 3781 899 3844 Lipsius:
925 3779 1033 3841 treoique
1047 3792 1235 3841 processurarum
1256 3779 1304 3827 oir-

215 3861 304 3924 quibus
316 3874 364 3910 nec
375 3874 440 3909 uxor
451 3865 521 3908 esset
532 3873 580 3908 neo
597 3859 683 3908 liberi.
705 3859 740 3906 Et
779 3853 1305 3916 tutamoerecuadoetlahoriosamrditatioae,

217 3937 398 3999 exlegatum
414 3935 552 3984 &naulum
571 3934 637 3982 aher
655 3931 740 3981 fasces
779 3929 825 3991 ipsi
843 3929 959 3978 doctiores
980 3934 1065 3976 eruat:
1093 3943 1150 3991 quse
1170 3929 1306 3991 scriptura,

217 4010 312 4071 primns
329 4008 455 4071 sumebat,
473 4022 524 4057 non
544 4008 587 4071 qui
598 4007 684 4069 plures
696 4019 740 4054 an·
780 4004 917 4067 Pighiana,
929 4018 987 4065 qnae
1007 4010 1092 4052 tamen
1111 4017 1160 4051 noo
1179 4003 1305 4062 mataeet,

218 4095 272 4141 nos,
288 4084 332 4133 sed
353 4085 439 4147 plures
459 4084 553 4131 liberos
571 4081 694 4141 haberet3
719 4076 741 4128 si
781 4087 809 4130 et
830 4078 931 4127 facilior
949 4086 976 4126 et
995 4077 1081 4126 verior
1099 4078 1160 4127 mihi
1188 4076 1302 4127 videtur:

217 4155 375 4221 utriquepar
385 4159 523 4208 liberorum
532 4170 660 4218 numerus,
668 4156 688 4204 is
696 4155 740 4220 qui
780 4167 861 4219 quare
872 4159 930 4202 utro
941 4153 996 4217 quis
1008 4152 1082 4201 modo
1099 4153 1201 4218 legerit,
1213 4167 1305 4218 pecca·

219 4229 341 4283 maritus:
367 4235 389 4284 st
405 4243 511 4300 uterque
533 4241 560 4284 ct
580 4233 687 4283 maritus
715 4237 742 4281 et
782 4239 866 4285 turum
878 4243 929 4282 non
940 4229 1102 4282 crediderim.
