3432 5236
671 559 930 610 sauunnorns.
1325 550 1372 616 89

266 701 422 766 -Septemrir
438 704 581 766 Epulonem
599 709 664 760 arat,
680 701 799 752 illiobla-
841 703 926 766 primo
947 701 1076 752 decennio
1099 701 1271 766 cerimonias,
1293 705 1370 769 ritas,

274 785 330 827 tum
340 779 519 830 Sacerdotium
528 779 666 842 repudiare
683 777 723 826 fas
734 785 798 828 erat.
839 778 1018 841 rationemque
1040 789 1172 826 sacrorum
1195 777 1306 842 discere,
1330 795 1371 830 se-

273 866 318 903 rr}-
344 854 425 903 Simul
446 861 475 903 ut
492 855 519 903 in
537 853 633 902 atrium'
649 855 737 903 Vestae
755 852 799 902 de·
840 853 1091 916 queatiexercere,
1116 859 1248 914 postremo
1266 855 1369 906 *docere

274 928 354 980 dueta
371 931 557 991 Vestalis,‚illi,
574 945 632 978 oram
656 945 671 978 a
692 931 800 993 Senatu,
839 929 917 978 alias:
936 943 986 992 quo
1002 933 1119 991 tempore
1136 925 1176 977 fas
1194 936 1260 990 erat,
1280 932 1371 992 positis

274 1010 328 1053 turn
350 1021 365 1060 a
386 1008 482 1070 populo
511 1007 590 1055 etiam
618 1005 748 1067 universo,
772 1013 800 1055 et
837 1003 985 1053 Sacerdotis
996 1002 1146 1066 insignibus,
1157 1003 1198 1052 cai
1209 1005 1315 1065 vellent,
1324 1020 1369 1054 nu-

273 1091 368 1127 snmma
377 1079 538 1142 jaratribui,
554 1088 580 1129 et
592 1082 700 1131 bonores
712 1081 800 1130 eximii
839 1078 919 1127 bere:
946 1078 1015 1142 quod
1037 1091 1052 1126 a
1072 1078 1218 1140 perpaucis,
1238 1093 1287 1129 nee
1308 1081 1368 1130 laeto

272 1153 368 1205 deferri
378 1155 511 1216 solebant3
529 1170 560 1206 ea
579 1165 665 1206 tamen
684 1158 798 1220 lege,.ut
837 1154 898 1204 vitra
910 1153 991 1216 exitu,
1006 1152 1121 1204 factitari
1134 1155 1264 1204 memoriae
1282 1155 1369 1219 prodi·

271 1234 298 1277 et
306 1231 388 1290 ignem
396 1245 497 1280 sacrum
507 1238 535 1280 et
543 1231 699 1295 virginitatis
707 1230 798 1280 florem
839 1235 893 1278 tum
905 1237 953 1280 est.
985 1229 1013 1279 Si
1025 1243 1086 1279 vero
1097 1244 1171 1280 sacer
1181 1231 1311 1280 extinctus
1330 1231 1369 1295 ig·

261 1303 394 1363 ,illibatam
405 1313 587 1357 conservaret:
605 1307 663 1355 baec
674 1307 798 1361 verosin-
837 1306 877 1356 nis
890 1313 969 1369 esset,
984 1314 1029 1356 aut
1040 1307 1150 1357 violatas
1161 1307 1255 1371 pudor,
1267 1315 1367 1358 certum

269 1381 335 1442 galis
355 1382 411 1431 haee
437 1389 508 1433 stata
530 1390 653 1447 certaque
675 1382 719 1431 lex
740 1381 799 1445 fuit,
838 1396 923 1445 poena
936 1397 1016 1446 genus
1034 1383 1168 1435 delinitum
1180 1391 1253 1436 erat:
1273 1385 1368 1448 dequo

270 1457 375 1522 triginta
386 1460 457 1510 annis
464 1461 529 1510 Deae
543 1461 656 1512 sacrario
665 1461 798 1526 inseruire,
838 1459 864 1507 in
876 1459 945 1509 notis
957 1458 1064 1522 mimas.

564 1663 750 1729 ΡΟΤΙΤΙΙ
773 1662 833 1728 ΕΤ
856 1658 1064 1725 PINARII.

303 1833 322 1868 r.
345 1820 388 1870 Ila
406 1821 564 1871 Potitiorum
585 1831 614 1874 et
633 1824 797 1875 Pinariorum
838 1830 872 1873 tae
883 1837 914 1872 ea
929 1821 986 1870 loca
995 1821 1160 1870 incolebant:
1180 1819 1248 1871 forte
1259 1820 1366 1872 itaevc·

261 1895 377 1959 ·origine‚
394 1912 453 1946 oum
471 1913 487 1946 a
507 1898 643 1962 Dionysio,
662 1903 796 1951 tumaLi·
836 1901 928 1961 nit,-ut
939 1897 1030 1947 Potitii
1043 1896 1075 1946 ad
1096 1903 1197 1960 tempus
1214 1906 1312 1962 praesto
1329 1915 1368 1948 es·

268 1971 310 2021 vio
321 1972 428 2037 aliisque
436 1973 723 2039 Historicishujusmodt
733 1979 796 2026 texi·
836 1983 904 2037 sent,
920 1974 1019 2024 Pinarii
1030 1974 1171 2034 nouitem3
1187 1975 1249 2024 inde
1264 1975 1366 2023 institu-

269 2051 321 2106 tor,
336 2061 382 2094 seu
400 2048 515 2106 historia,
535 2065 581 2099 sen
602 2052 687 2113 potius
698 2050 795 2100 fabula.
836 2057 891 2100 tum
907 2050 1012 2112 mansit,
1031 2051 1113 2100 donec
1129 2050 1264 2099 Pinarium
1283 2063 1363 2112 genus

268 2120 350 2170 Siarul
361 2129 389 2167 ut
401 2121 498 2170 Cacum
508 2123 541 2171 ob
553 2131 652 2173 amotas
669 2141 716 2188 per
727 2125 796 2173 fran-
837 2125 896 2183 suit,
906 2139 939 2173 ne
951 2126 1018 2172 extis
1028 2125 1174 2173 solennibus
1184 2130 1365 2174 vescerentur.

268 2195 328 2244 dem
349 2196 427 2245 boves
449 2197 524 2244 clava
545 2199 641 2247 cecidit
659 2199 797 2260 Hercules,
838 2213 870 2248 ιι.
888 2200 981 2247 Potitii
998 2199 1031 2246 ab
1048 2199 1169 2247 Evandro
1187 2198 1276 2246 edocti
1292 2198 1366 2261 hrajus

268 2273 399 2333 Evander,
418 2274 461 2336 qni
481 2279 535 2321 tum
554 2288 585 2322 ea
602 2274 660 2322 loca
677 2275 796 2338 regebat,
838 2273 905 2323 sacri
931 2273 1068 2324 antistites,
1083 2270 1132 2336 p'er
1156 2274 1249 2322 multas
1277 2282 1367 2323 aetates

267 2354 400 2409 pastorum
415 2348 570 2396 clamoribus
587 2349 690 2398 excitus
710 2363 798 2398 accur·
838 2348 950 2410 fuerunt,
961 2347 1043 2397 donec
1054 2363 1121 2397 anno
1136 2350 1168 2398 ab
1178 2348 1250 2398 Urbe
1262 2351 1367 2400 condita

267 2421 312 2482 rit,
334 2429 360 2470 et
377 2421 485 2471 formam
504 2422 668 2487 habitumque
689 2425 737 2472 viri
753 2424 797 2473 ali·
837 2428 895 2472 461.
930 2424 1029 2473 Potitia
1046 2439 1108 2488 gens
1126 2440 1183 2474 cum
1195 2431 1301 2474 auctore
1312 2426 1367 2490 Ap·

267 2505 363 2560 quanto
374 2497 548 2561 augtrrtiorem
559 2499 667 2546 bumana
683 2498 796 2560 intuens,
838 2499 882 2563 pio
899 2499 1007 2556 Claudio
1026 2500 1139 2550 censore
1150 2515 1238 2560 servos
1250 2502 1366 2564 publicos

266 2574 300 2626 ab
310 2589 340 2622 eo
352 2589 468 2637 quaenam
486 2573 606 2623 facinoris
626 2589 712 2637 carisa,
729 2577 796 2639 rogi·
836 2575 972 2624 ministerii
996 2576 1133 2638 delegandi
1154 2591 1232 2626 caasa
1252 2579 1368 2628 solennia

265 2650 373 2713 tatquis
388 2657 466 2709 esset,
482 2649 550 2698 unde
562 2652 661 2712 genus?
680 2650 795 2700 ubirero
836 2652 893 2714 ejus
916 2652 984 2700 sacri
1011 2652 1152 2710 docuisset,
1176 2652 1245 2700 intra
1262 2666 1367 2714 annuam,

266 2739 368 2788 nomen,
379 2733 491 2789 patrem,
508 2725 671 2790 patriamque
683 2728 796 2790 accepit,
835 2726 897 2775 licet
914 2726 1049 2775 duodecim
1060 2725 1168 2775 familias
1180 2727 1367 2790 complectare-

266 2803 388 2853 eontinno
399 2817 470 2852 aram
482 2803 579 2868 exstrui
588 2802 675 2863 jabet,
685 2809 713 2851 et
729 2803 795 2852 bove
835 2806 887 2864 tur,
897 2805 1030 2850 amnicum
1039 2802 1119 2865 stirpe
1131 2802 1246 2862 interiit;
1258 2812 1286 2851 et
1298 2803 1365 2852 Ceu-

265 2879 359 2929 exinria
370 2892 470 2929 sacrum
485 2876 552 2937 fieri,
568 2878 692 2928 adhibitis
706 2878 738 2926 ad
751 2880 797 2928 mi·
837 2887 879 2926 sot·
890 2877 947 2939 ipse
959 2877 1059 2941 Appius
1071 2878 1138 2928 baud
1156 2878 1236 2927 multo
1255 2887 1316 2941 post
1327 2878 1365 2926 lu·

264 2953 400 3003 n'nterinm
410 2953 554 3014 dapemque
564 2952 668 3001 Potitiis
679 2961 707 3002 ot
716 2953 794 3003 Pina·
835 2953 946 3001 minibus
969 2961 1062 3017 captus
1081 2963 1129 3006 est.
1163 2956 1229 3005 llaec
1248 2953 1305 3006 fere
1321 2955 1365 3005 Li·

248 3017 252 3026 ’
264 3027 456 3090 adaquatum
468 3024 572 3076 familiae
584 3029 694 3079 maxime
711 3029 794 3093 inely·
835 3027 889 3076 vius
899 3026 944 3077 lib.
957 3041 976 3078 1.
987 3036 1015 3078 et
1027 3042 1067 3078 rx.

700 3201 923 3268 LUPERGI.

297 3366 317 3402 r.
333 3349 404 3404 Ama
423 3352 467 3401 alii
484 3351 518 3401 de
537 3351 724 3415 Lupercalibus
742 3357 793 3402 tra·
837 3350 958 3403 Romanis
970 3350 1068 3401 dietam
1080 3356 1120 3401 est
1131 3349 1253 3416 Lyoaeum
1266 3350 1366 3404 Gracia

264 3428 330 3477 dunt
347 3435 483 3478 auctores:
502 3429 535 3478 ab
554 3426 676 3478 Evandro
693 3443 726 3478 ex
746 3429 794 3478 Ar·
835 3428 899 3479 fuit:
916 3429 984 3478 idem
997 3427 1064 3476 enim
1077 3426 1145 3490 apud
1166 3419 1274 3476 Graecos
1291 3425 1365 3477 λύκος

264 3504 339 3554 cadis
366 3505 393 3553 in
418 3504 521 3554 ltaliam
549 3504 675 3553 translata
705 3498 795 3554 volunt
835 3511 917 3568 sonat,
936 3503 1007 3568 quod
1029 3503 1099 3566 apud
1121 3503 1249 3552 Romnum
1271 3503 1364 3567 lupus;

263 3580 412 3642 Dionysius,
426 3581 523 3644 Livias,
542 3588 570 3630 et
586 3581 760 3631 Plutarchus:
779 3597 794 3630 a
835 3581 890 3630 siue
905 3580 999 3642 alapis
1016 3577 1144 3638 arcendis,
1161 3593 1193 3628 ne
1212 3579 1301 3640 pecori
1318 3593 1363 3628 no-

263 3657 373 3708 Romulo
392 3661 420 3705 et
438 3658 520 3706 Remo
543 3657 662 3706 instituta
684 3665 793 3721 propter
835 3662 935 3718 carent,
952 3670 1003 3704 vax
1023 3655 1068 3702 illa
1085 3653 1199 3703 deducta
1218 3656 1261 3716 sit,
1276 3655 1363 3706 eirea

261 3731 361 3781 factam
381 3731 431 3779 silai
450 3733 483 3779 ab
503 3747 551 3780 avo
568 3733 702 3782 Numitore
713 3733 791 3782 Urbis
832 3733 927 3796 Lycao
939 3730 1059 3780 Arcadiae
1068 3728 1218 3791 monte,ubi
1229 3729 1285 3778 Pan
1297 3745 1363 3793 pra-

261 3808 289 3858 in
305 3814 392 3858 monte
409 3807 541 3870 Palatino,
558 3807 601 3856 ubi
616 3809 719 3859 educati
734 3808 789 3858 fue·
833 3809 909 3872 cipue
920 3809 1017 3857 honore
1028 3807 1171 3856 colebatur.
1199 3817 1242 3855 111.
1253 3807 1364 3868 Luperci

263 3891 331 3945 rant,
353 3881 497 3933 condendoe
524 3889 680 3944 potestatem
709 3885 791 3934 tradit
832 3897 922 3932 canem
945 3882 1122 3942 immolabant,
1141 3881 1182 3928 rel
1201 3881 1227 3929 ia
1253 3881 1363 3944 gratiam

262 3959 381 4008 Valerius
392 3957 537 4006 Maximus:
556 3972 571 4004 a
582 3956 706 4006 Romanis
721 3961 791 4008 eele-
830 3959 911 4021 lapae,
923 3973 938 4006 a
949 3973 1000 4022 qua
1015 3959 1127 4007 nutritus
1138 3957 1269 4019 Romulus,
1279 3958 1321 4006 vel
1337 3959 1363 4006 in
1413 3961 1416 3968 '

262 4036 338 4086 brata
349 4033 431 4084 refert
442 4032 551 4082 Ovidius
567 4033 600 4081 ob
613 4032 765 4083 beneficium
776 4050 792 4082 a
831 4033 910 4081 Panis
921 4034 1054 4094 bonorem,
1072 4033 1114 4082 cui
1127 4033 1198 4081 oanis
1217 4034 1250 4082 ob
1261 4033 1362 4086 fidelem

262 4112 322 4174 lupa
337 4109 459 4161 Romanis
476 4108 621 4172 praestitum
639 4108 664 4156 in
680 4108 791 4158 educan-
831 4117 1005 4158 armentorum
1022 4123 1109 4158 curam
1128 4117 1216 4170 gratus
1228 4118 1304 4161 esset.
1335 4113 1363 4164 Si

262 4187 302 4234 dis
323 4188 408 4249 pueris
430 4184 541 4234 Romulo
567 4191 595 4232 et
616 4184 707 4245 Remo,
728 4190 791 4232 tem·
833 4191 919 4233 tamen
945 4185 1036 4236 Servio
1069 4183 1207 4247 credimus,
1235 4187 1365 4251 Lupercal

262 4263 384 4326 piumque
399 4263 432 4312 ad
447 4260 525 4311 ficum
542 4259 704 4309 Ruminalem
715 4259 747 4309 ab
759 4260 791 4309 iis
833 4257 1017 4322 speluuoafuit
1031 4259 1080 4309 sub
1096 4265 1184 4310 monte
1193 4262 1362 4328 Palatino,in

263 4344 424 4390 exstructum
438 4343 559 4398 testatur,
574 4337 643 4402 quod
662 4339 791 4401 Lupercal
831 4350 882 4400 qua
893 4350 973 4400 capro
984 4335 1120 4385 litabatur.
1153 4351 1191 4386 ιν.
1204 4339 1262 4388 Mos
1271 4339 1322 4392 fuit
1333 4349 1364 4392 ut

260 4418 383 4463 uocatum
411 4420 459 4463 est.
503 4425 536 4462 11.
559 4413 636 4464 Quod
662 4412 792 4477 Lupercal
833 4413 946 4476 Luperci
976 4425 1023 4461 xv.
1047 4412 1180 4463 Kalendas
1199 4415 1317 4479 Martias,
1340 4418 1361 4464 is
