3210 5158
326 417 391 483 448
623 437 778 484 vicunrr
805 435 949 484 unxrur
978 437 1049 485 cre.
1075 438 1124 484 ιν.

326 579 484 662 priuatim
506 584 715 662 acceperant,
737 577 771 642 in
787 577 948 652 serarium,
963 586 998 639 ot
1013 577 1149 658 quidem
1162 581 1267 663 prius,
1280 580 1305 627 ³⁶
1324 601 1422 664 qnam

329 682 370 745 ad
396 687 545 744 senatum
568 682 766 762 legationem
793 679 958 753 referrent,
982 678 1187 745 detulerunt:
1219 681 1259 744 de
1284 683 1423 764 publico

327 781 455 846 scilicet
474 781 659 846 ministerio
683 779 767 866 nihil
782 779 952 860 cuiquam,
975 785 1095 860 praeter
1109 780 1245 844 laudern
1260 783 1348 845 bene
1365 783 1423 846 ad·

325 883 501 948 ministrati
531 881 642 958 officii,
666 877 827 942 accedere
851 877 973 942 debere
991 879 1190 963 judicantes.
1235 882 1315 944 Jam
1338 883 1423 947 illud

326 984 540 1049 humanitatis
552 991 576 1030 ³⁷
591 987 736 1055 senatus,
762 987 797 1043 et
821 985 959 1044 attentae
983 983 1144 1065 majorum
1169 981 1358 1064 disciplinae
1376 986 1426 1047 in·

327 1087 450 1150 dicium
478 1091 547 1145 est:
570 1082 649 1143 dota
672 1088 752 1144 sunt
775 1082 861 1144 enim
884 1081 1015 1164 legatie,
1039 1101 1115 1165 quae
1138 1082 1173 1143 in
1197 1083 1350 1144 aerarium
1372 1103 1427 1147 re-

326 1190 518 1268 posuerant,
528 1183 552 1228 ³⁸
575 1201 642 1246 non
656 1183 765 1246 solnm
776 1190 907 1265 patrum
923 1186 1186 1265 conscriptorum
1201 1183 1350 1260 decreto,
1362 1187 1423 1249 sed

325 1285 425 1348 etiam
441 1284 559 1366 populi
575 1283 751 1367 permissu,
778 1281 884 1364 eaque
906 1285 1026 1365 legatis
1037 1292 1062 1334 ³⁹
1086 1291 1278 1365 quaestores
1293 1294 1424 1366 promte

325 1385 503 1466 unicuique
526 1382 776 1446 distribuerunt.
821 1383 878 1446 Ita
893 1385 927 1445 in
951 1383 1068 1446 iisdem
1086 1382 1264 1448 Ptolemaei
1278 1385 1425 1449 liberali-

326 1491 390 1561 tas,
420 1485 605 1564 legatorum
637 1484 854 1558 abstinentia,
884 1483 1029 1546 Senatus
1059 1501 1100 1545 ac
1131 1484 1248 1566 populi
1276 1483 1420 1548 Romani

327 1585 480 1667 aequitas,
494 1583 641 1648 debitam
654 1583 835 1666 probabilis
850 1582 929 1646 facti
943 1583 1129 1665 portionem
1146 1570 1337 1648 obtinuit„ji

370 1687 423 1750 10.
447 1684 627 1748 Fabiorum
641 1691 674 1748 et
698 1685 833 1766 Ogulnii
856 1687 1068 1750 continentius
1091 1683 1303 1767 Calpurnium
1326 1686 1424 1750 Piso-

328 1793 426 1851 nem¹
450 1788 485 1849 in
508 1786 677 1850 consimili
704 1805 821 1867 genere
845 1786 956 1850 laudis
983 1787 1141 1850 aemulum
1162 1785 1263 1848 fuisse
1278 1804 1331 1848 res
1346 1789 1427 1868 ipsa

329 1889 527 1952 documento
552 1893 655 1951 est.⁴⁰
698 1877 838 1964 Consul,
869 1891 964 1969 gravi
988 1889 1204 1970 fugitivorum
1229 1887 1315 1950 bello
1339 1907 1359 1950 a
1384 1907 1424 1950 se

327 1991 469 2053 liberata
498 1988 629 2066 Sicilia,
643 2007 714 2066 eos,
737 2008 880 2071 quorum
897 1991 1071 2073 praecipua
1086 2007 1190 2071 opera
1211 2006 1292 2050 usus
1306 1987 1425 2065 fuerat,

327 2092 544 2174 imperatorio
567 2109 658 2154 more
684 2089 780 2153 donis
795 2093 1070 2173 prosequebatur.
1115 2089 1206 2152 Inter
1220 2107 1305 2169 quos
1320 2089 1426 2152 filiurn

329 2211 436 2267 suum,
449 2192 535 2254 locis
550 2191 681 2274 aliquot
695 2192 884 2272 praeliatum
897 2192 1087 2265 fortissime,
1100 2189 1197 2252 titulo
1214 2191 1312 2251 trium
1327 2191 1427 2254 libra·

328 2311 398 2355 rum
415 2311 527 2354 anreae
551 2311 686 2356 coronae
711 2291 896 2368 decoravit3
919 2291 1091 2371 praefatus,
1114 2295 1205 2351 ‘non
1228 2296 1382 2371 oportere
1407 2313 1428 2355 a

327 2393 526 2474 magistratu
541 2413 559 2457 e
574 2391 710 2476 publica
723 2392 897 2471 pecunia⁴¹
922 2387 1060 2466 erogari,
1084 2387 1174 2470 quod
1191 2388 1226 2448 in
1241 2389 1352 2469 ipsius
1367 2393 1428 2456 do·

328 2513 419 2559 mum
441 2493 620 2557 rediturum
636 2487 751 2553 esset:'
773 2492 965 2568 tantumque
981 2485 1138 2568 ponderis
1162 2506 1198 2550 se
1221 2495 1429 2556 testamento

357 2710 369 2752 1'
386 2711 425 2759 lto
436 2708 554 2758 abeodem
569 2709 631 2757 dono
648 2712 672 2757 et
682 2707 813 2758 liberalitas
826 2708 957 2767 Ptolemaei,
974 2712 998 2755 et
1009 2706 1151 2756 abstinentia
1162 2707 1302 2768 legatorum,
1319 2710 1343 2753 et
1354 2709 1429 2768 equi·

329 2778 376 2837 tur,
392 2779 441 2824 turn
450 2773 559 2837 Senatus,
569 2777 620 2822 tum
629 2775 709 2836 pounb
720 2773 832 2834 Romani,
841 2773 942 2822 obtinuit
952 2777 1045 2836 purtem
1054 2771 1156 2822 debitum
1168 2772 1254 2821 tondis.

328 3028 545 3090 mouerunt-³6
560 3029 603 3077 Ita
614 3027 721 3091 Pighius
733 3042 765 3077 ex
776 3029 852 3079 codd.
864 3045 923 3078 curn
941 3036 1018 3078 antee
1035 3028 1158 3080 ederetur
1175 3029 1267 3092 quiden
1283 3029 1362 3090 umus,
1378 3026 1425 3074 scd

329 3106 380 3140 non
400 3094 594 3156 aMognntinir.
631 3093 694 3140 Mox
716 3093 789 3142 Harl.
811 3103 839 3142 et
857 3095 930 3142 Leid.
948 3099 973 3142 3.
991 3095 1132 3154 legationem
1150 3093 1343 3153 deferrent-³⁷
1364 3091 1426 3138 Num

328 3158 446 3219 illudio.
458 3158 484 3204 in
496 3156 648 3216 orribnsdam
660 3157 770 3204 Torren.
787 3163 810 3206 et
827 3159 982 3206 humanitatis
998 3158 1071 3207 Leid.
1088 3162 1179 3207 7.--38
1196 3158 1256 3206 Duo
1279 3154 1370 3204 Leidd.
1387 3157 1429 3202 de·

326 3226 472 3284 peremunt,
489 3219 584 3284 Ultraj.
598 3225 620 3269 l.
638 3234 695 3268 cum
716 3221 766 3269 alio
785 3221 857 3271 Leid.
874 3227 1026 3283 reposuerunt
1033 3236 1042 3280 ,¹
1059 3236 1124 3269 unus
1143 3222 1240 3269 Brund.
1262 3220 1384 3269 Perizon.
1400 3224 1428 3265 et

330 3286 415 3333 Bitnr.
428 3289 451 3332 1.
463 3285 636 3346 inmerserunt,¹
653 3284 749 3347 Ultrnj.
761 3289 785 3333 2.
797 3292 825 3333 et
837 3286 908 3349 Meg.
925 3290 1123 3348 nommant—39
1140 3285 1215 3333 Harl.
1234 3286 1313 3346 itaque
1331 3284 1427 3341 legato,-

329 3349 425 3410 Ultraj.
438 3353 461 3396 l.
474 3354 501 3395 et
512 3349 574 3398 Ver.
586 3353 656 3410 atquc
667 3349 763 3410 tegulo:
781 3349 827 3396 sed
839 3349 914 3398 deest
925 3351 950 3397 ln
964 3349 1037 3397 Leid.
1048 3354 1071 3398 2.
1081 3363 1152 3411 eaque
1164 3351 1179 3398 l.
1191 3365 1214 3411 q.
1223 3353 1330 3410 prompta
1342 3347 1429 3393 Bitnr.

332 3417 355 3460 l.
366 3412 480 3474 promisso
491 3412 568 3471 legutu
585 3429 607 3475 q.
616 3418 724 3474 prompto
735 3413 812 3461 Burb.
822 3417 845 3462 1.
856 3415 973 3475 permisso
989 3418 1096 3474 prompta
1114 3415 1194 3472 legata
1213 3413 1337 3473 unicuique
1355 3410 1428 3458 Leid.

330 3480 354 3524 3.
370 3478 448 3537 iegato
458 3490 481 3536 q.
492 3480 598 3537 prompta
611 3477 703 3539 copes.
720 3479 799 3537 legato
814 3493 836 3539 q.
852 3483 958 3540 prompte
975 3477 1070 3540 Ultraj.
1082 3481 1105 3526 2.
1124 3484 1152 3524 et
1169 3477 1240 3537 Meg.
1274 3475 1428 3523 Perizonius

330 3541 398 3602 conj.
416 3553 443 3587 eu
462 3554 484 3602 q.
499 3546 600 3598 promte,
611 3542 652 3586 vel
671 3547 762 3602 pruneto
780 3543 905 3604 unicnique
919 3541 1164 3592 distribuerunt—tlt
1181 3538 1273 3604 Ultrnj.
1287 3545 1308 3588 1.
1328 3539 1428 3587 etVet.

330 3603 418 3674 indicio
428 3605 536 3654 ein-41
556 3603 615 3651 Vet.
625 3605 876 3667 concinnentem
892 3605 990 3670 Ultrnj.
1001 3609 1024 3654 1.
1041 3607 1070 3654 de
1083 3605 1180 3670 pecunia
1189 3604 1291 3669 publico.
1309 3602 1393 3652 Bitur.
1406 3605 1428 3650 1.

828 3750 933 3800 NOTAE

331 3875 405 3933 gelos
429 3870 461 3918 ad
485 3870 656 3920 Ptolemoenm
679 3870 744 3934 Legi
767 3871 859 3920 missos
932 3870 1011 3921 lAn.
1023 3872 1061 3921 M.
1073 3876 1146 3922 sust.
1181 3871 1224 3921 Ol.
1237 3873 1326 3919 lint.
1356 3864 1426 3916 Urb-

331 3946 410 4004 velit;
428 3943 454 3991 ld
467 3951 552 3993 tumen
562 3959 636 3993 secus
647 3952 702 3996 est:
717 3955 745 3994 et
754 3959 860 3995 munere
901 3947 931 3996 C.
941 3951 998 3996 480.
1027 3946 1091 3997 Ant.
1104 3949 1151 3997 Cb.
1164 3951 1222 3997 272.

331 4032 346 4062 a
365 4019 488 4067 Romanis
508 4021 646 4082 repudiato
667 4020 751 4083 dicst;
768 4036 860 4084 recep·
931 4032 942 4056 ²
968 4026 1122 4088 Calpurnium
1151 4023 1272 4085 Pisonen]
1310 4019 1428 4068 Consule

331 4095 423 4151 tasqne
440 4099 540 4142 tanturn
558 4109 665 4144 coronas
678 4112 779 4155 aureas,
795 4112 859 4162 ques
899 4099 944 4149 lib.
956 4104 980 4148 2.
998 4115 1022 4149 c.
1039 4104 1063 4148 7.
1076 4115 1101 4148 n.
1113 4104 1137 4148 9.
1152 4100 1198 4148 ubi
1212 4100 1244 4148 de
1259 4097 1303 4146 illo
1314 4095 1430 4159 egimus,

332 4169 440 4283 oestron
459 4166 501 4216 die
522 4170 600 4232 Regis
619 4174 712 4221 statuis
731 4174 859 4236 imposne·
899 4175 970 4223 etde
982 4173 1238 4238 bellofngitivornm.

333 4249 373 4286 nu
387 4270 393 4285 .
