3386 5262
513 937 999 1017 SERENISSIMO

351 1181 1160 1303 DELPHINO

416 1471 602 1540 PETRUS
625 1475 648 1538 J
651 1474 870 1540 OSEPHUS
893 1475 1095 1553 CANTEL,

637 1694 735 1760 SOG.
757 1693 883 1760 JESU.

210 2200 252 2284 Τ
255 2235 359 2284 nude
393 2218 537 2303 quidem,
566 2224 601 2305 et
629 2217 716 2279 mole
750 2235 812 2280 sua
843 2217 1011 2297 exiguum,
1048 2218 1304 2286 Suunurssrrra

208 2323 426 2397 Donamus,
450 2320 511 2384 sed
527 2318 677 2400 Principi
693 2325 806 2382 tameo
822 2318 952 2381 erudito
967 2339 1036 2382 non
1059 2323 1305 2402 aspernandum

206 2443 338 2500 munus,
362 2423 426 2486 tibi
440 2421 542 2486 offero
557 2421 687 2486 Valerii
704 2420 850 2484 Maximi
864 2419 1031 2505 Exempla
1046 2421 1304 2489 Memorabilia:

206 2544 348 2608 quorum
372 2523 463 2608 apud
479 2531 512 2588 te
536 2523 653 2605 gratia,
678 2524 743 2586 nisi
758 2543 831 2587 eam
849 2523 948 2606 culpa
962 2530 1080 2588 nostra
1103 2523 1239 2602 deterat,
1262 2547 1304 2589 eo

205 2625 313 2707 major
337 2643 413 2688 esse
436 2623 555 2704 debet;
589 2623 679 2708 quod
705 2623 748 2687 ad
774 2643 834 2688 eas
856 2625 1068 2706 potissimum
1099 2632 1198 2702 artes,
1227 2645 1303 2708 quae

205 2725 321 2807 Reges
343 2726 488 2790 maxime
511 2725 643 2802 decent,
666 2725 864 2808 pertineant,
888 2727 1063 2791 seientiam
1085 2727 1257 2792 militarem
1273 2733 1307 2792 et

204 2827 390 2893 historiam.
435 2827 574 2892 Habent
596 2826 734 2904 affatim,
762 2828 852 2891 unde
875 2847 986 2892 rerum
1007 2828 1162 2907 utilitate,
1190 2830 1304 2912 copia,

204 2929 378 3006 varietata,
393 2921 621 3011 magnitudine
636 2929 785 2992 animum
800 2930 834 2992 in
848 2929 989 3009 legendo
1001 2934 1092 2993 tuum
1107 2950 1174 2993 non
1189 2931 1304 2994 imme-

202 3030 271 3092 rito
285 3031 458 3094 retineant.
488 3029 512 3090 J
514 3028 632 3090 ovabit
644 3027 821 3104 interdum,
833 3029 863 3090 si
875 3029 957 3107 quid
971 3031 1032 3092 otii
1047 3029 1177 3093 adhaec
1191 3031 1305 3093 studia

201 3127 388 3194 recolenda
409 3131 533 3188 nactus
547 3123 659 3201 fueris,
683 3125 717 3187 in
741 3127 783 3187 iis
799 3144 996 3207 expressam
1012 3145 1143 3188 cornere
1158 3146 1304 3191 summo-

200 3249 277 3296 rum
293 3229 536 3313 Imperatorum
559 3233 710 3290 naturam
725 3234 761 3290 et
777 3226 937 3304 indolem,
953 3227 1080 3293 variam
1096 3226 1305 3308 singulorum

199 3333 379 3408 fortunam,
408 3329 644 3410 ancipitesque
674 3347 786 3406 casua,
815 3329 965 3411 imperia,
996 3328 1148 3405 honores,
1174 3329 1303 3411 praelia,

199 3432 375 3508 victoriae,
386 3427 591 3512 triumphos3
613 3434 646 3492 et
659 3430 749 3512 quod
761 3429 928 3512 cujusque
936 3430 1035 3494 fuerit
1049 3431 1082 3493 in
1094 3429 1302 3512 providendo

200 3533 395 3608 consilium,
420 3551 497 3614 quae
521 3531 688 3596 industria
710 3533 742 3595 in
768 3531 910 3614 agendo,
934 3551 1011 3616 quae
1036 3533 1071 3594 in
1094 3529 1301 3595 conficiendo

201 3634 371 3702 celeritas.
429 3633 585 3716 Dumque
609 3635 642 3696 in
670 3653 783 3698 eorum
809 3639 869 3698 aut
892 3634 1040 3711 virtutes
1066 3637 1124 3696 aut
1145 3632 1230 3697 vitia
1254 3635 1302 3696 in·

200 3734 366 3814 tueberis3
389 3733 452 3796 erit
477 3734 576 3812 unde,
600 3740 633 3798 et
647 3735 734 3798 uinci
750 3753 772 3798 a
786 3739 818 3798 te
841 3733 919 3799 illos
945 3735 1106 3817 gaudeas,
1131 3734 1161 3797 si
1182 3732 1301 3798 deteri-

202 3855 280 3905 ores
296 3835 438 3914 videris3
461 3836 515 3900 vel
535 3836 684 3902 aemulari
708 3837 838 3920 copiae,
864 3837 893 3900 si
919 3856 987 3919 qua
1009 3838 1042 3900 in
1064 3834 1165 3900 laude
1189 3833 1300 3918 singu-

200 3943 301 4007 lares.
346 3937 432 4002 Sunt
454 3955 535 4002 sane
557 3937 701 4020 quidem,
725 3955 812 4020 quos
836 3938 899 4002 abs
915 3944 949 4000 te
965 3937 1080 4014 amari,
1102 3937 1131 3999 si
1146 3939 1178 3999 te
1193 3955 1299 4015 amec,

199 4057 343 4107 necesse
359 4044 428 4115 est:
453 4039 512 4123 qui
528 4039 617 4103 enim
632 4057 698 4102 non
722 4056 854 4102 amares
875 4037 1106 4101 adolescentes
1120 4037 1169 4100 tui
1192 4057 1299 4120 quon-

201 4144 280 4208 dam
295 4141 508 4205 simillimos?
533 4139 761 4205 Alexandrum
785 4137 958 4220 Magnum,
974 4137 1173 4202 Africanum
1189 4138 1299 4202 Mino·

199 4287 202 4292 ·
268 4257 355 4321 Delplr.
365 4263 390 4307 et
403 4257 459 4310 Vur.
471 4258 534 4307 Clm.
701 4259 751 4305 Val.
768 4257 840 4305 arax.
1163 4259 1167 4268 '
1210 4253 1233 4302 Α
