3210 5158
329 397 393 462 480
623 409 777 460 vnhllitti
802 409 945 458 unxrur
970 406 1042 456 nra.
1059 407 1106 456 nv.

330 557 397 620 late
411 557 615 638 quareretur,
629 553 793 618 desertum
809 552 896 615 omni
912 551 1052 628 auxilio,
1062 551 1130 617 duo
1139 556 1264 618 tantum
1277 552 1418 633 amictu

331 655 538 739 Pomponius
553 660 587 719 et
603 649 827 730 Laetorius,¹⁶‘
846 652 889 715 ab
901 653 1030 716 infestis
1041 659 1076 716 et
1088 653 1235 736 undique
1249 659 1420 723 ruentibus

329 757 402 820 telis
416 757 579 839 oppositu
595 773 767 840 corporum
793 770 926 818 snorum
940 759 1102 818 texerunt.
1147 753 1301 832 Quorum
1316 757 1417 821 Poms

329 857 463 939 penius,
476 877 544 939 quo
559 857 590 920 is
601 851 909 930 facilinseradcret,
919 855 1118 919 concitatum
1134 857 1347 937 sequentium
1362 877 1419 941 ag-

329 977 406 1021 men
420 957 454 1020 in
468 967 567 1040 porta
581 953 767 1035 Trigemina
777 960 824 1000 ¹⁷⁸
846 955 1052 1036 aliquamdiu
1069 957 1231 1018 acorrima
1243 974 1357 1038 pugna
1367 959 1417 1022 in-

329 1057 452 1122 hibuit:
474 1078 536 1122 noc
551 1057 646 1119 vivus
662 1052 742 1134 pelli
756 1054 876 1133 potnit,
902 1055 965 1116 sed
985 1055 1096 1118 multis
1111 1053 1287 1120 confectus
1308 1058 1419 1122 rrrlne-

330 1158 433 1231 rihus,
466 1155 637 1219 transitum
666 1153 717 1216 cis
748 1171 850 1233 super
872 1153 1016 1217 cadaver
1039 1170 1150 1230 suum,
1178 1155 1288 1232 credo,
1316 1159 1421 1223 etiam

328 1254 493 1338 postlata
519 1254 655 1326 inritus,
679 1252 781 1316 dedit.
825 1252 989 1315 Laetorius
1011 1259 1123 1316 autem
1146 1254 1181 1315 in
1205 1264 1314 1336 ponte·
1331 1257 1420 1322 Sub·

328 1355 406 1418 licio
428 1355 594 1432 constitit,
617 1362 761 1430 etcum,
783 1352 890 1417 donec
918 1352 1090 1418 Gracchus
1113 1354 1277 1432 transiret,
1303 1357 1422 1423 ardore

329 1455 482 1538 spiritus&
501 1458 556 1520 sui
590 1455 743 1539 sepsit2⁴
764 1473 806 1519 ac
842 1455 877 1518 vi
908 1452 982 1536 jam
1016 1453 1236 1518 multitudinis
1272 1459 1421 1538 obrutus,

327 1576 494 1622 converso
525 1557 561 1620 in
591 1575 628 1622 se
656 1557 781 1638 gladio,
818 1555 917 1619 celeri
954 1556 1041 1619 saltu
1067 1556 1269 1638 profundum
1290 1559 1421 1627 Tiberis

327 1657 438 1740 petiitt
461 1676 625 1740 quamque
641 1657 729 1722 ineo
745 1662 845 1740 ponte
861 1655 1031 1720 caritatem
1047 1657 1111 1721 toti
1122 1658 1241 1739 patriae
1257 1658 1420 1725 Horatius

329 1755 453 1822 Cocles
462 1758 669 1835 exhibuerat,
678 1759 775 1821 unius
785 1758 956 1834 amicitiae,
965 1757 1098 1840 adjecta
1109 1759 1292 1822 voluntaria
1300 1769 1420 1841 morte,

329 1858 496 1941 preastitit.
510 1869 541 1939 ’ς
586 1857 696 1935 Quam
707 1859 817 1922 honos
833 1857 990 1933 Gracchi,
1013 1858 1043 1920 si
1066 1865 1124 1921 ant
1145 1860 1248 1942 patris
1269 1867 1327 1924 aut
1349 1881 1419 1926 ma-

328 1959 415 2024 terni
438 1956 516 2021 avil
540 1965 666 2023 sectam
682 1960 762 2024 vitae
784 1958 913 2040 ingredi
935 1960 1129 2037 voluissent,
1154 1961 1273 2024 hahere
1297 1961 1422 2028 milites

330 2060 524 2142 potuerant!
568 2058 650 2136 Quo
670 2061 760 2125 enim
783 2059 921 2144 impetu,
944 2081 1014 2143 qua
1036 2064 1286 2144 perseverantia
1306 2064 1422 2141 animi,

323 2160 478 2236 Blosius,
494 2167 528 2223 et
545 2159 765 2244 Pomponiae,
787 2170 823 2226 et
844 2162 1008 2227 Laetorius
1031 2167 1158 2244 trop'aea
1180 2183 1221 2227 ac
1236 2164 1422 2247 triumphos

327 2259 479 2323 eorum¹⁸
502 2258 717 2342 adjuvissent,
732 2261 849 2326 furiosi
864 2269 1004 2325 conatus
1028 2268 1097 2322 tam
1121 2265 1247 2328 strenui
1262 2266 1422 2331 comites!
1526 2259 1528 2262 ’

329 2359 472 2424 sinistris
484 2358 618 2441 quidem
631 2362 790 2443 auspiciis
806 2360 962 2422 amicitiae
978 2358 1198 2422 conditionem
1215 2366 1339 2428 secuti:
1361 2367 1422 2428 sed

322 2481 397 2545 ·quo
420 2461 601 2536 miseriora,
625 2462 690 2524 hoc
713 2461 852 2523 certiora
875 2457 1016 2522 fideliter
1039 2459 1141 2523 cultae
1154 2460 1343 2529 nobilitatis
1358 2484 1420 2527 ex-

330 2563 452 2646 empla.

328 2771 376 2881 ire:
393 2770 495 2831 diserti
504 2770 638 2836 ardentique
649 2775 726 2823 crime
736 2773 812 2823 hostes
822 2775 852 2823 ah
862 2787 889 2822 eo
904 2777 974 2837 ponte
989 2772 1119 2836 mutue,
1128 2775 1199 2822 doure
1211 2761 1332 2822 Greeehss
1343 2777 1423 2822 trare·

360 2904 372 2928 *
390 2896 511 2952 Quantam
521 2915 622 2951 amorem
633 2901 678 2951 toti
695 2900 780 2963 patrie
795 2900 911 2950 Horatius
924 2901 1004 2949 Coeles
1013 2901 1075 2949 ineo
1090 2905 1160 2964 pecte
1171 2902 1313 2959 ostenderet,
1328 2905 1422 2949 tontum

327 2961 631 3079 inpzpnupiibpncrp‘pxzzereiphe
642 2965 758 3029 exhihuit,
777 2966 804 3014 ia
820 2980 847 3014 eo
863 2965 935 3014 etiem
946 2966 1063 3028 morem,
1079 2967 1139 3029 quod
1154 2966 1196 3016 tlte
1206 2970 1305 3014 mortem
1315 2965 1422 3014 vehatu-

789 3139 966 3161 mm

331 3235 407 3287 Harl.
417 3241 446 3286 et
458 3237 531 3287 Laid.
540 3243 565 3287 7.
577 3238 682 3288 consiliis
691 3243 716 3287 et
726 3238 866 3289 αὕη-15
882 3238 969 3288 Bitur.
983 3241 1006 3287 1.
1018 3241 1043 3286 2.
1063 3237 1143 3314 ψτῑ).
1160 3243 1184 3288 l.
1203 3243 1230 3287 et
1246 3236 1319 3286 Leid.
1338 3241 1362 3286 7.
1378 3236 1426 3284 dae

331 3304 410 3350 temen
421 3302 562 3352 emieieid
579 3302 611 3351 In
622 3302 698 3352 codd.
707 3317 753 3352 sex
763 3303 870 3352 Torrea.
881 3303 976 3351 dicitnr
987 3302 1118 3365 hamne,
1135 3308 1164 3350 ut
1183 3301 1209 3350 in
1229 3301 1345 3350 omnibus
1364 3300 1426 3350 edd.

331 3372 428 3426 prater
438 3365 511 3426 Mog.
524 3381 581 3430 qna
599 3381 656 3432 enm
675 3366 769 3414 ceteris
790 3365 866 3416 codd.
882 3367 990 3416 latoria·
1012 3372 1107 3416 serrat.
1139 3361 1263 3429 lpeinium
1275 3370 1351 3412 vocat
1362 3364 1426 3412 Plu·

331 3430 443 3478 tarchus.
477 3429 540 3477 Mox
553 3431 647 3492 Copae.
663 3429 870 3480 rubentibus-17
888 3430 963 3480 Harl.
982 3436 1010 3479 et
1028 3430 1123 3492 Copes.
1142 3429 1288 3490 tergemino,-
1306 3427 1380 3476 Leid.
1402 3432 1428 3478 1ι

329 3493 440 3551 gemtum·
458 3493 529 3540 held.
538 3497 563 3541 d.
572 3494 716 3554 trigeminis.
749 3492 851 3542 Deinde
862 3494 958 3556 Ultraj.
967 3496 991 3542 i.
1003 3507 1044 3541 nee
1054 3495 1122 3542 cinos
1131 3491 1185 3542 celii
1193 3493 1290 3555 potuim
1306 3493 1391 3541 Bitur.
1400 3496 1427 3540 l.

331 3558 407 3606 euelli.
440 3556 588 3606 Perizonius
599 3557 659 3620 ejici
673 3557 752 3619 jussit
765 3556 794 3604 rh
812 3558 920 3607 eia-18
938 3557 1046 3607 beidi.
1065 3557 1137 3606 delet
1154 3571 1241 3607 eoram.
1273 3557 1347 3606 Idem
1366 3569 1426 3606 cunr

825 3699 934 3750 NOTAE

364 3811 533 3877 'Pomponiae
554 3819 578 3863 et
597 3811 727 3874 Laetoriud
755 3812 859 3862 Plutar·
898 3827 997 3863 summa
1007 3813 1114 3878 Imperii
1126 3812 1274 3877 pugnaturi.

331 3891 393 3941 chus
418 3905 469 3939 non
493 3890 641 3951 Laterium,
663 3888 710 3938 sed
731 3889 858 3939 Licinium
930 3890 1011 3948 thu.
1022 3891 1061 3940 Μ.
1072 3894 1145 3940 3933.
1177 3890 1222 3939 ΟΙ.
1237 3892 1293 3938 164.
1310 3891 1334 3937 l.
1360 3881 1423 3933 vrb.

332 3977 421 4030 recat3
438 3968 554 4018 Velleius
566 3982 626 4017 raro
635 3968 713 4018 soliar
721 3967 858 4031 Pomponii
899 3965 930 4016 C.
942 3970 999 4018 632.
1025 3965 1089 4016 Ant.
1102 3965 1149 4015 Ch.
1159 3969 1216 4014 12⁰.

333 4040 435 4103 Equitis
447 4042 554 4092 Romani
566 4042 689 4092 meminit.
932 4041 944 4074 l
962 4042 1067 4092 Materni
1088 4043 1138 4106 aci]
1163 4037 1287 4105 Scipionis
1306 4031 1428 4084 Africani

367 4119 379 4152 ¹
393 4113 539 4179 Trigeminis]
551 4119 609 4169 Qua
619 4118 756 4179 tergemini
765 4116 859 4167 fratres
899 4118 1011 4182 majoris.

335 4185 439 4237 Horatii
450 4191 570 4240 exierunt
584 4199 675 4240 contra
686 4193 815 4242 Curiatios
825 4193 858 4241 de

827 4389 1026 4560 i'sj‘r
