3210 5158
345 389 409 454 416
636 403 792 451 vitnau
816 399 962 450 unxrur
989 395 1059 448 nte.
1083 401 1135 448 ιν.

344 546 576 632 prehensionis
592 563 703 608 morsu
721 547 762 608 sit
783 562 902 616 vacua,
926 550 959 606 et
984 542 1096 607 laudis
1111 553 1243 627 quaestu
1258 545 1433 631 opulentis-

345 651 455 714 sima·
499 646 620 726 ltaque
635 647 774 710 effectus
791 663 871 706 suos
887 645 920 706 in
936 645 1034 707 claris
1050 646 1133 708 viris
1148 662 1378 728 recognoscat.

387 750 416 810 l.
439 746 550 832 Atque
565 754 602 809 ut
617 748 660 811 ab
674 744 880 810 incunabulis
896 745 1017 808 summi
1042 745 1178 810 honoris
1202 745 1373 830 incipiam,
1396 749 1436 811 P.

344 846 513 924 Valerius,
527 850 585 930 qui
599 845 717 929 populi
735 843 942 926 majestatem
958 846 1155 920 venerando,
1176 843 1365 928 Poplicolae
1378 868 1438 911 no-

344 957 439 1013 men³
462 954 638 1011 assecutus
653 951 713 1020 est,
737 963 826 1020 cum,
850 944 983 1008 exactis
1007 945 1150 1028 regibus,
1174 945 1306 1026 imperii
1321 966 1438 1011 eorum

344 1051 412 1115 vim
427 1050 624 1121 universam,
646 1043 823 1126 omniaque
839 1047 984 1126 insignia
998 1047 1061 1110 sub
1077 1045 1174 1110 titulo
1191 1046 1387 1110 consulatus
1401 1049 1440 1109 in

343 1148 551 1220 setranslata
566 1152 728 1222 cerneret,
740 1146 941 1210 invidiosum
955 1148 1168 1228 magistratus
1182 1146 1354 1228 fastigium
1366 1166 1440 1210 mo-

345 1249 514 1312 deratione
529 1247 571 1309 ad
591 1247 798 1310 tolerabilem
824 1247 973 1310 habiturn
996 1247 1151 1328 deduxit3
1173 1248 1287 1312 fasces
1310 1248 1440 1317 securi-

343 1343 427 1411 bus·
448 1345 719 1425 uacuefaciendo,
734 1353 767 1410 et
786 1349 820 1410 in
842 1347 1004 1411 concione
1026 1348 1155 1430 populo
1178 1348 1439 1411 summittendo.l

345 1448 531 1512 Numerum
548 1461 684 1530 quoque
709 1466 825 1510 corum
845 1446 987 1511 dimidia
1002 1467 1048 1511 ex
1064 1453 1160 1529 parte
1183 1447 1329 1524 minuit,4
1350 1445 1436 1511 ultro

250 1583 251 1586 π
345 1549 405 1630 Sp.
422 1549 577 1612 Lucretio
603 1549 732 1630 collega
746 1555 914 1616 assumto:
936 1548 979 1612 ad
1005 1567 1115 1630 quem,
1141 1548 1221 1630 quia
1236 1547 1343 1630 major
1357 1556 1436 1611 natu

345 1657 426 1726 erat,
442 1649 589 1732 priores⁵
612 1649 722 1713 fasces
742 1650 910 1713 transferri
920 1647 1033 1732 jussit.
1077 1649 1201 1730 Legem
1216 1649 1317 1712 etiarn
1333 1649 1436 1712 comi-

346 1748 407 1812 tiis
420 1749 614 1812 centuriatis
637 1749 724 1824 tulit,
746 1753 807 1812 ‘ne
832 1750 907 1832 quis
936 1751 1150 1832 magistratus
1176 1748 1282 1813 civem
1309 1746 1436 1810 Romu·

345 1869 425 1912 num
440 1848 601 1912 adversus
616 1849 893 1930 provocationem
906 1850 1094 1929 verberare,
1108 1855 1165 1914 aut
1179 1867 1295 1912 necare
1314 1847 1438 1911 vellet'

347 1950 412 2026 Ita,
428 1969 495 2032 quo
521 1950 667 2014 civitatis
690 1948 837 2013 conditio
862 1949 998 2015 liberior
1021 1956 1119 2028 esset,
1142 1950 1314 2032 imperium
1339 1967 1437 2011 sunm

379 2175 391 2198 ⁰
407 2166 464 2213 dam
476 2167 581 2228 exempla
590 2165 709 2228 proferam
720 2165 893 2226 meracum,
907 2180 959 2228 quise
967 2170 1068 2227 pareest
1078 2163 1332 2223 enimisaluberrimo5
1347 2177 1441 2228 pureque

348 2230 455 2290 impedit,
472 2243 501 2275 rie
519 2243 583 2277 meus
599 2236 679 2280 nostra
699 2230 841 2278 temeritatis
860 2230 948 2290 impetu
960 2236 1035 2276 extre
1046 2229 1153 2276 rationis
1165 2229 1283 2276 semitam
1294 2228 1442 2290 abripiaturr

347 2295 409 2338 urde
421 2292 465 2354 fit,
482 2297 508 2339 ut
519 2293 580 2340 sitit
590 2292 685 2352 babeat,
701 2295 761 2354 quod
774 2293 849 2353 possit
859 2291 1005 2351 reprehendi,
1021 2294 1045 2337 et
1056 2291 1154 2336 multum
1165 2291 1242 2338 laudis
1251 2292 1369 2352 acquirat.

379 2353 390 2384 ⁶
407 2355 474 2404 Fecit
486 2369 527 2404 suo
539 2358 704 2412 moderatione,
720 2360 748 2401 ut
763 2357 831 2413 pterea
843 2355 940 2400 incidite
947 2356 1051 2413 potestas
1063 2353 1223 2410 Magistratus
1235 2355 1443 2414 Consularisfuei·

346 2417 418 2466 iiuss
432 2420 517 2481 populo
527 2422 681 2474 tolerantem·
691 2417 793 2476 jubendo
803 2415 917 2473 utsusces
926 2415 978 2462 εἰπε
989 2413 1107 2462 santulus
1116 2415 1142 2461 in
1152 2415 1208 2462 urbe
1217 2416 1402 2481 prefers-entur,
1418 2423 1444 2468 et

347 2483 557 2542 summittereutrr,
574 2483 663 2542 quando
678 2481 774 2540 populus
787 2483 909 2528 emeretur
924 2480 956 2527 cd
970 2480 1109 2527 concionem.

346 2720 423 2768 etism
434 2717 495 2766 Vct.
504 2722 593 2779 questu
601 2717 633 2765 sit
643 2716 875 2780 opulentissime-t
893 2716 1021 2779 Publicolis
1031 2730 1112 2765 nemen
1123 2714 1220 2764 liabent
1232 2729 1319 2764 omnes
1329 2715 1440 2766 Torren.

345 2789 374 2829 et
393 2781 526 2842 Pigbiani;
542 2781 669 2830 Publicola
691 2796 816 2842 cognomen
835 2781 935 2841 Aldus;
959 2782 1027 2829 solus
1048 2781 1144 2841 Ultraj.
1162 2783 1187 2826 2.
1206 2795 1348 2838 cognossem
1374 2783 1441 2844 [ips.

344 2844 472 2892 Thanneri
489 2845 632 2906 cognoram.
665 2845 729 2892 Mox
747 2845 904 2894 moderatione
925 2859 967 2893 suc
989 2844 1063 2892 multi
1075 2843 1140 2891 Mes.
1161 2857 1219 2892 cum
1239 2844 1313 2893 editt.
1333 2846 1439 2893 vetustis

345 2915 447 2956 tantum
459 2923 508 2956 nou
522 2909 649 2968 omnibns,
666 2923 725 2956 nam
735 2909 796 2956 Vct.
807 2923 849 2956 sea
861 2909 967 2970 omittit,
982 2915 1010 2956 et
1021 2907 1098 2969 paulo
1114 2914 1175 2954 ante
1191 2922 1273 2955 comm
1292 2915 1440 2957 constanter

345 2973 449 3020 retinet.
483 2973 586 3020 Deinde
597 2972 700 3035 quidam
711 2973 819 3020 Torren.
831 2979 853 3022 et
865 2973 991 3028 condona
1007 2972 1094 3030 etism,
1109 2972 1274 3033 poputum—4
1291 2971 1343 3018 Pro
1354 2973 1441 3020 minuit

346 3036 461 3084 nonnulli
472 3035 569 3084 babent
580 3035 748 3084 diminuit-tt
766 3035 860 3098 copes.
875 3035 948 3085 Leid.
959 3041 983 3085 6.
1000 3035 1094 3100 Ultraj.
1108 3039 1131 3084 l.
1141 3039 1166 3084 2.
1187 3041 1215 3084 et
1230 3035 1303 3096 Mog.
1322 3035 1441 3097 priorem

841 3165 945 3215 NOTAE

377 3277 487 3326 ⁸Fasces
502 3277 630 3340 sessum]
652 3279 684 3327 In
701 3279 871 3342 suspicionem
912 3282 936 3325 ³.
956 3278 1020 3325 cnm
1039 3274 1115 3326 ambo
1141 3273 1264 3323 Consules
1285 3277 1324 3323 24.
1345 3273 1441 3336 fasces,

345 3349 462 3401 affectati
474 3354 547 3416 regni
564 3355 635 3403 venit
652 3354 786 3414 Valerlus3
803 3353 870 3418 quod
912 3353 1006 3416 singuli
1029 3357 1068 3400 12.
1091 3349 1234 3410 baberent;
1261 3350 1339 3412 idque
1371 3366 1442 3414 segre

345 3434 373 3476 et
390 3427 476 3476 occiso
495 3428 578 3476 Bruto
598 3443 648 3477 non
665 3431 806 3478 ascisceret
822 3429 871 3477 sibi
911 3427 993 3476 ferret
1013 3427 1142 3490 populus;
1166 3427 1222 3488 ipse
1239 3427 1327 3489 Jussit,
1349 3435 1379 3475 ut
1401 3432 1440 3476 lu.

344 3491 562 3564 Corragum,'ettn
576 3517 676 3552 summo
691 3504 871 3569 Velis,(locus
911 3509 1013 3553 tautum
1043 3501 1172 3562 alterutri,
1199 3501 1310 3563 prirnum
1337 3501 1441 3561 seniori,

345 3583 403 3625 erat
414 3577 481 3626 altus
496 3582 523 3624 et
538 3583 630 3624 nutrire
645 3577 779 3642 munitus,)
791 3576 872 3626 aedifi·
911 3583 965 3626 turn
982 3577 1090 3640 juniori,
1102 3577 1208 3626 alteruis
1224 3576 1355 3626 mensibus
1373 3590 1438 3638 prae-

347 3657 435 3699 curet:
453 3651 658 3715 quaminvidiam
670 3659 700 3701 nt
717 3667 770 3701 ase
782 3653 871 3716 depel·
911 3652 1048 3702 ferrentur.
1080 3656 1106 3702 4.
1128 3650 1230 3712 Vetuit,
1251 3665 1284 3700 ne
1305 3653 1360 3716 quis
1381 3650 1440 3696 Ma·

345 3725 422 3788 leret,
433 3727 522 3787 mults,
538 3741 595 3790 quse
613 3727 710 3790 populo
731 3726 871 3790 gretafore
912 3730 1037 3793 gistratus
1058 3729 1086 3777 in
1107 3728 1172 3777 urbe
1193 3727 1276 3776 civem
1297 3726 1441 3776 Romanum

344 3808 464 3862 noverat,
475 3801 601 3861 sancirit;
618 3815 676 3866 quse
687 3801 719 3848 ed
731 3815 777 3850 sex
793 3803 871 3865 potis·
911 3806 989 3869 virgis
1001 3804 1124 3866 caederet,
1134 3808 1273 3852 necaretre
1283 3801 1378 3863 injussu
1391 3814 1442 3862 po·

346 3877 437 3924 simum
459 3877 547 3940 cupita
567 3875 683 3926 revocari
703 3886 818 3938 possunt.
848 3883 870 3929 l.
912 3882 974 3944 puli.
1008 3886 1032 3931 5.
1051 3880 1183 3942 collegam
1199 3877 1248 3926 sibi
1260 3873 1378 3924 assumsit
1389 3875 1441 3940 Sp.

345 3949 446 3999 vocato
455 3951 487 3998 sd
507 3952 643 4020 concilium
659 3953 766 4016 populo.
785 3951 870 4002 fasces
912 3954 1070 4004 Lucretium.
1102 3959 1127 4004 6.
1143 3953 1222 4004 AEdes
1239 3965 1294 4001 suas
1305 3948 1442 4002 inclinum

347 4028 435 4090 summi
446 4028 545 4090 imperii
558 4029 668 4092 insignia
679 4031 813 4079 summisit.
847 4034 870 4079 2.
912 4032 1025 4082 infimum
1036 4032 1178 4092 transtulit,
1198 4045 1246 4095 quo
1264 4027 1366 4077 facilius
1377 4045 1394 4078 s
1406 4033 1444 4080 ci-

337 4091 442 4162 fFesces
454 4101 556 4164 quidem
566 4104 668 4154 in'urbe
679 4104 795 4167 preferri
806 4107 872 4155 Con·
912 4107 985 4156 vibus
1002 4108 1075 4156 obrui
1092 4114 1190 4170 posset,
1208 4105 1274 4172 siin
1292 4103 1380 4172 aliquo
1399 4106 1446 4157 de·

347 4167 444 4217 solibus
461 4176 550 4236 voluit,
571 4186 599 4226 at
618 4181 752 4228 securibus
768 4193 872 4256 vacuos.
913 4182 976 4231 licto
989 4182 1234 4246 deprehenderetur.
1355 4172 1358 4176 ’
