3386 5262
350 575 400 622 ue
427 574 511 622 vm..
541 573 635 622 unx.
659 573 893 622 rnsrrmoum
918 573 964 620 ur
987 573 1152 622 sunium.
1250 559 1293 622 19

202 714 236 776 ia
250 725 428 801 argenteum
442 695 555 778 arnum
570 712 742 793 recondens,
767 714 880 799 irp'eotu
897 734 992 776 careo
1009 735 1132 794 corono,
1155 714 1237 778 misit
1251 714 1294 777 od

191 813 312 896 filium.
356 815 410 880 Itu
428 813 589 881 Cornelius
607 815 708 901 Nepos
721 827 751 880 rt
772 815 911 880 Valerius
926 813 1087 878 Maximus
1099 814 1271 899 prodidere.

414 983 456 1047 A.
472 984 603 1050 Gellius
620 983 722 1048 Noct.
739 982 810 1048 Att.
827 983 901 1048 Lib.
917 999 942 1046 1.
957 1003 1032 1066 cap.
1046 982 1078 1047 8.

243 1116 380 1198 Scripta
392 1115 467 1180 haec
483 1115 641 1180 Historia
662 1116 718 1198 [de
742 1115 879 1180 foemina
903 1135 979 1198 quae
1003 1116 1109 1181 virum
1132 1115 1291 1182 etlilium

198 1216 318 1280 eodem
333 1221 483 1299 tempore
499 1216 637 1282 venenis
653 1217 737 1280 clam
753 1216 840 1280 datis
854 1216 1070 1294 interiecerat,
1093 1235 1153 1280 nec
1181 1221 1291 1282 tamen

198 1323 373 1401 propterea
388 1316 546 1382 damnata
561 1337 601 1381 ac
615 1318 732 1401 punita
746 1315 813 1396 est]
839 1319 872 1381 in
896 1318 981 1381 libro
995 1317 1122 1382 Valerii
1146 1319 1290 1382 Maximi

198 1414 383 1484 Factorum
397 1427 433 1484 et
448 1418 623 1482 Dictorum
640 1416 913 1482 Memorabilium
928 1424 1055 1482 octavo.

290 1591 367 1656 Joh.
383 1593 661 1674 Saresberiensis,
677 1593 874 1657 Policratioi
887 1595 959 1658 Lib.
978 1609 1060 1656 vrr1.
1075 1612 1149 1675 cap.
1163 1594 1197 1656 4.
1301 1611 1306 1624 ·

241 1721 282 1784 In
298 1721 427 1799 Quinto
442 1723 605 1789 Considio
621 1711 827 1790 saluberrimi
842 1725 999 1808 exempli,
1015 1744 1078 1789 nec
1094 1725 1166 1788 sine
1181 1743 1287 1806 parvo

201 1821 310 1905 ipsius
325 1823 434 1888 fructu
448 1825 634 1890 liberalitas
649 1826 805 1891 referente
820 1825 957 1890 Valerio
970 1831 1126 1892 annotata
1141 1830 1202 1889 est.

602 1995 647 2059 Et
659 1995 742 2059 ibid.
759 2014 834 2078 cap.
846 1995 879 2059 6.

238 2121 300 2188 Est
313 2128 398 2190 euim
409 2129 580 2207 blandum,
595 2137 633 2192 ut
649 2132 697 2194 ait
711 2127 1023 2205 Valerius,'luxuria
1037 2125 1171 2199 malum,
1187 2142 1286 2204 quam

196 2239 358 2288 accusare
374 2227 545 2307 aliquanto
560 2230 694 2295 facilius
709 2235 762 2290 est
776 2248 876 2310 quam
891 2229 1007 2290 vitare.

282 2322 378 2385 idem
393 2325 503 2387 multis
519 2344 652 2408 quoque
668 2326 742 2387 aliis
756 2327 843 2388 locis
859 2325 1019 2387 Nostrum
1032 2322 1158 2392 laudat.

338 2495 532 2562 Ludovious
549 2495 678 2573 Carrio,
694 2497 867 2561 Emendat.
884 2497 961 2562 Lib.
976 2513 1000 2559 1.
1015 2516 1091 2580 cap.
1107 2499 1139 2562 7.

236 2623 393 2690 Valerius
409 2617 585 2691 Maximus
599 2626 726 2691 Tiberii
740 2628 826 2711 Imp.
843 2628 1051 2712 temporibus
1066 2628 1206 2712 scriptor
1218 2647 1284 2692 non

192 2726 359 2808 ignobilis,
374 2733 407 2792 et
421 2728 534 2791 multis
548 2728 653 2810 ipsius
669 2730 878 2813 antiquitatis
893 2729 1103 2814 praejudiciis·
1122 2728 1284 2794 recentio-

192 2847 264 2890 rum
280 2828 450 2892 hominum
464 2849 614 2895 censurae
631 2837 774 2914 ereptus.

413 2993 487 3060 Jos.
502 2995 654 3078 Scaliger
665 2996 708 3062 ad
724 2997 908 3064 Eusebium
921 3017 953 3060 n.
969 2997 1066 3063 1841.

237 3129 399 3213 Equidem
428 3129 531 3192 multa
552 3131 665 3194 notavi
688 3131 779 3212 apud
801 3130 971 3195 Valerium
998 3129 1186 3194 Maximum
1213 3149 1281 3192 non

191 3231 275 3292 bene
304 3228 439 3304 Latina,
461 3229 567 3289 multa
589 3229 698 3310 inepte
720 3230 885 3304 affectata,
907 3227 1069 3306 optimum
1096 3230 1222 3308 alioqui
1249 3235 1284 3290 ct

191 3326 410 3392 utilissimum
425 3325 633 3409 scriptorem,
648 3345 748 3408 quem
763 3329 878 3388 extare
889 3322 1064 3406 plurimum
1078 3323 1177 3410 Reip.
1194 3326 1283 3388 Lite-

190 3429 286 3494 rariae
302 3427 411 3494 refert.

309 3595 332 3660 J
335 3596 388 3660 ob.
404 3594 480 3660 Ger.
496 3594 644 3660 Vossius
658 3594 700 3658 de
714 3591 881 3675 Analogia
897 3591 973 3656 Lib.
990 3606 1014 3652 1.
1030 3609 1105 3673 cap.
1121 3587 1174 3656 22.

235 3730 393 3794 Valerius
408 3730 583 3795 Maximus
597 3749 661 3794 uon
677 3729 764 3796 adeo
779 3727 952 3795 uerborum
964 3731 1016 3788 est
1029 3723 1189 3800 curiosus,
1204 3739 1280 3804 quae

187 3831 356 3896 interdum
372 3833 497 3914 accipit
511 3851 533 3895 a
546 3833 660 3914 vulgo.
729 3888 731 3892 ,

233 3997 323 4080 Aug.
338 3996 532 4064 Buchnerus
548 3997 591 4061 ad
607 3995 689 4062 (iot.
706 3991 888 4067 Olearium,
903 3989 1014 4073 Epist.
1030 3987 1130 4054 Parte
1146 4005 1170 4050 1.
1184 3985 1238 4056 76.

234 4133 289 4197 De
306 4132 443 4197 Valerio
460 4131 498 4197 M
501 4131 614 4196 eximo
629 4132 679 4195 ita
694 4128 813 4203 sentio,
838 4145 912 4188 esse
936 4122 1042 4187 multo
1055 4120 1281 4197 utilissimum,

186 4241 225 4298 et
241 4233 339 4297 valde
352 4231 575 4298 necessarium
588 4231 797 4314 scriptorem,
821 4226 881 4290 sed
909 4243 986 4286 eum
1009 4221 1090 4284 uiris
1116 4220 1223 4301 magis
1247 4227 1282 4284 et

188 4333 314 4416 quibus
325 4333 397 4418 jam
411 4332 606 4398 confirmata
622 4333 698 4422 styli
713 4329 884 4410 integritas
895 4331 959 4401 est,
975 4342 1073 4406 quam
1088 4321 1280 4386 adolescem
