3386 5262
668 576 875 624 nnmerum.
1294 562 1316 624 7

226 721 313 784 ‘Eae
340 740 392 784 me
418 725 577 784 exercent
603 722 721 802 magis,
755 742 855 805 quam
886 720 1062 787 delectant.
1113 721 1201 786 Sunt
1219 722 1315 786 enim

223 821 387 904 pleraeque
399 843 511 906 parvae
526 827 560 886 et
574 823 693 900 exilcS,
718 843 794 887 raro
817 822 1155 906 incidit—insignis?
1192 823 1314 902 Quare,

222 921 303 987 licet
324 925 382 988 vix
399 931 519 1008 quarta
540 943 619 1007 pars
639 923 856 988 Variantium
878 925 1073 988 Lectionum
1098 943 1141 987 ex
1166 923 1316 988 Torrenii

102 1070 105 1078 .
223 1026 333 1105 spisso
348 1029 515 1092 volumine
530 1027 645 1090 relicta
662 1028 716 1103 sit,
728 1033 901 1090 contentus
916 1037 1108 1101 tamen'ero,
1125 1023 1155 1088 si
1169 1027 1313 1102 lectores

222 1143 266 1186 ex
285 1145 362 1190 mea
375 1127 536 1210 farragine
549 1127 603 1191 vel
618 1127 791 1190 dimidiam
806 1132 933 1216 partem
948 1133 1063 1190 notatu
1080 1127 1213 1208 dignam
1224 1127 1314 1211 judi-

221 1233 305 1290 cent.
349 1228 487 1293 Interim
514 1229 578 1292 hoc
607 1229 685 1292 loco
715 1229 847 1293 silentio
872 1229 1041 1310 praeterire
1069 1247 1137 1290 non
1161 1247 1311 1311 possum,

218 1327 301 1391 mibi
313 1331 418 1393 multa
436 1331 545 1393 adhuc
558 1329 684 1394 Valerii
708 1330 785 1393 loca
798 1329 964 1392 medicam
982 1347 1116 1392 manum
1131 1327 1312 1410 efflagitare

217 1430 334 1510 rideri,
356 1433 526 1516 multaque
552 1432 734 1496 desiderem
758 1432 910 1496 subsidia
935 1431 979 1494 ad
1002 1450 1111 1494 veram
1133 1432 1223 1496 illius
1246 1433 1313 1496 lec·

217 1532 343 1595 tionem
365 1533 639 1597 constituendam.
683 1533 832 1596 Primum
854 1532 988 1615 quidem
1013 1533 1111 1596 nobis
1135 1535 1231 1598 deest
1251 1553 1311 1598 ex·

217 1637 295 1696 acta
310 1640 345 1696 et
359 1634 478 1697 critica
492 1632 671 1716 descriptio
689 1633 774 1697 Mss
791 1644 825 1696 et
840 1633 1030 1700 Editionum
1040 1634 1219 1713 Veterum3
1233 1654 1311 1698 nam

216 1752 317 1814 quam
331 1735 428 1797 nobis
443 1735 560 1798 dedere
571 1734 769 1818 Interpretes
781 1733 921 1811 Valerii,
936 1735 1116 1798 admodum
1125 1743 1178 1800 est
1193 1755 1311 1800 manca

215 1843 251 1898 et
266 1835 482 1912 insufficiens..
522 1837 652 1900 Deinde
673 1838 817 1902 nondum
832 1839 992 1901 habemus
1007 1844 1198 1902 accuratam
1211 1838 1309 1902 codd.

215 1936 301 2000 Mss,
327 1957 403 2004 cum
429 1945 525 2004 textu
549 1939 686 2020 vulgato
717 1939 941 2017 collationem,
971 1939 1136 2021 siquidem
1163 1940 1307 2022 plurimi,

213 2042 395 2120 praesertim
405 2041 566 2118 Gudiani,
582 2049 642 2106 aut
653 2041 1053 2124 inpaucistantummodo
1066 2040 1152 2104 locis
1163 2041 1309 2120 inspecti
1372 2105 1381 2120 ,

213 2147 304 2215 sunt,
330 2149 488 2221 outrage
513 2143 692 2204 admodum
707 2143 859 2205 citantur.
906 2143 995 2219 Quis
1012 2161 1088 2204 vero
1103 2142 1144 2203 de
1159 2141 1309 2204 bonitate

212 2240 367 2303 lectionis
390 2245 512 2303 certum
533 2242 698 2320 judicium
711 2239 796 2303 ferre
813 2243 912 2316 ausit,
936 2243 965 2302 si
980 2240 1109 2302 nesciat
1128 2258 1196 2320 quo
1210 2246 1308 2316 teste,

174 2341 177 2348 ⁴
211 2338 317 2402 habili
339 2357 384 2401 an
405 2337 556 2415 inhabili,
583 2357 625 2401 ea
646 2338 794 2402 nitaturi
839 2339 991 2420 Denique
1015 2357 1095 2401 sane
1126 2359 1225 2422 quam
1245 2362 1307 2423 op·

211 2440 350 2502 tandum
374 2446 477 2516 esset,
499 2446 536 2504 ut
563 2448 640 2504 ante
665 2440 785 2503 librum
808 2440 988 2523 quemlibet
1014 2441 1180 2504 Elenchus
1209 2443 1306 2506 codd.

210 2540 297 2606 Mos,
309 2549 343 2604 et
356 2541 460 2604 Editt.
468 2542 656 2625 principum
666 2541 901 2624 praeligcretnr,
914 2543 1013 2606 sicuti
1026 2541 1142 2606 Critici
1156 2544 1191 2605 in
1203 2542 1239 2606 N
1240 2563 1308 2608 ovo

208 2643 427 2706 Testamento
449 2642 568 2721 iecere,
593 2665 623 2708 e.
638 2666 668 2726 g.
689 2645 871 2725 Bcngelius
893 2644 926 2707 in
942 2643 1139 2726 ‘Apparatu
1156 2643 1306 2720 Critico.'

209 2743 298 2808 Nam
313 2761 381 2808 non
397 2763 511 2808 omnes
526 2745 614 2810 Mss.
630 2748 749 2828 integri
764 2755 853 2822 sunt,
875 2767 905 2810 e.
922 2767 953 2828 g.
969 2746 1222 2823 PerizonianuS,
1245 2747 1305 2828 qui

207 2852 334 2909 tantum
350 2865 415 2910 sex
427 2847 529 2910 libros
545 2849 670 2930 priores
685 2849 840 2912 continet.
885 2849 943 2912 Sic
957 2849 1059 2912 etiam
1075 2847 1208 2911 facilins
1223 2867 1303 2928 cog·
1351 2836 1354 2840 ’

204 2954 410 3024 nosceretur,
425 2968 490 3032 qua
505 2949 569 3012 fide
582 2948 699 3014 Critici
715 2951 758 3014 ad
774 2951 859 3013 Mss
869 2955 1060 3032 provocant.
1106 2947 1196 3012 Nam
1211 2947 1302 3013 haud

203 3067 279 3112 raro
293 3050 327 3115 iu
342 3052 568 3133 suspicionem
582 3054 724 3128 veniunt,
746 3072 783 3116 se
798 3054 934 3116 finxisse
950 3052 1138 3128 Lectiones„
1161 3072 1302 3134 quarum

204 3170 267 3214 nec
283 3153 361 3215 vola
373 3167 435 3212 nec
450 3152 625 3229 vestigium
641 3153 675 3211 in
689 3150 775 3214 Mss.
798 3156 900 3224 extat,
924 3171 957 3212 v.
970 3171 999 3212 c.
1016 3151 1157 3229 Pighius
1170 3152 1206 3212 in
1219 3171 1298 3215 non·

207 3251 307 3314 nullis
332 3249 429 3324 locis,
457 3265 533 3313 cum
556 3247 732 3310 Valerium
758 3266 866 3321 snum,
895 3267 991 3329 quem
1015 3267 1081 3308 non
1104 3267 1228 3327 passus
1249 3256 1301 3314 est

205 3369 323 3427 errare,
346 3370 368 3414 a
382 3350 515 3414 crimine
540 3345 735 3433 ἀνιστορησίας
756 3347 928 3410 defendere
943 3345 1053 3422 vellet,
1079 3345 1220 3412 fortasse
1240 3369 1300 3412 ex-

207 3452 371 3532 cogitavit
395 3451 470 3534 ipse
491 3450 684 3526 Lectiones,
708 3448 887 3533 praesertim
913 3449 970 3512 ubi
992 3450 1045 3524 vel
1070 3450 1206 3514 codices
1231 3460 1310 3516 non¹
1340 3447 1342 3454 '

203 3554 396 3630 nominavit,
411 3552 467 3616 vel
487 3553 521 3614 in
544 3552 764 3633 singularibus
788 3549 888 3614 codd.
901 3547 1097 3633 Campensis
1111 3555 1143 3614 et
1158 3549 1298 3616 Cauchi-

203 3655 270 3716 ani.
313 3653 381 3718 Sed
394 3653 480 3718 satis
495 3651 654 3716 deNotis
668 3653 805 3716 criticis·
850 3650 938 3726 Nam
953 3652 994 3715 de
1006 3652 1125 3715 ceteris
1137 3650 1297 3716 Editioni·
1340 3712 1344 3719 .

202 3755 276 3830 bue,
291 3773 377 3838 quas
392 3753 554 3829 consului,
568 3753 651 3816 nihil
665 3754 787 3816 attinet
803 3753 923 3816 dicere.

244 3855 397 3920 Alterum
422 3873 523 3935 genus
547 3856 815 3919 observationum
839 3855 943 3918 estin
966 3854 1238 3936 Interpretatione
1260 3863 1295 3920 et
1370 3903 1374 3908 -

203 3978 301 4024 sensu
326 3956 455 4019 Valerii
485 3957 702 4040 assequendo.
761 3958 796 4020 ln
825 3977 893 4040 quo
920 3956 1060 4020 multum
1089 3953 1295 4020 difficultatis

200 4077 295 4142 scope
312 4055 541 4133 animadverti,
557 4077 634 4124 cum
649 4060 692 4121 ob
705 4063 831 4122 textum
844 4065 1043 4140 corruptum,
1055 4064 1124 4120 tum
1140 4057 1184 4120 ob
1198 4076 1295 4139 argu-

200 4168 268 4226 tam
291 4158 419 4224 Valerii
441 4157 629 4222 dictionem.
674 4159 763 4234 Nam
790 4159 929 4222 cuilibet
957 4159 1023 4220 fere
1050 4156 1214 4221 Historiae
1230 4177 1294 4222 ves·

202 4267 340 4330 suuntur
354 4267 462 4326 acute
477 4268 511 4324 et
525 4259 653 4343 frigidae
676 4281 769 4344 saepe
785 4261 965 4335 sententiae,
982 4258 1051 4335 (nbi
1066 4278 1116 4330 ece
1137 4259 1293 4336 omittun-

202 4367 262 4439 tur,
280 4362 385 4436 lector
399 4366 556 4440 monetur,
580 4379 621 4436 ιι,
634 4361 671 4433 9.·
683 4359 733 4446 9.)
758 4380 896 4443 quarum
923 4359 1062 4442 singulae
1083 4361 1158 4443 plus
1171 4359 1292 4442 negotii
