3214 5170
405 443 485 488 cre.
501 438 550 487 ιν.
575 439 623 484 nn
647 429 798 486 nuurur'
814 436 906 484 noco
929 437 1054 486 nuris.
1213 423 1279 490 376

191 582 289 646 novis
316 579 512 646 sacerdotiis
540 578 645 654 nuxit,
672 595 841 644 numerum
876 574 1029 642 souulus'¹
1048 579 1277 660 amplificavit,

191 691 373 766 equestrem
388 681 555 746 ordinem¹
568 679 752 743 uberiorem
768 679 910 761 reliquit.
956 679 1128 762 Qnaequo⁹
1141 680 1278 748 laudum

192 785 267 867 ejus
282 781 522 848 consummatio
535 788 598 858 est,
618 779 791 863 praeclaris
805 781 980 846 virtutibus
994 780 1127 857 effecit:
1148 801 1191 845 no
1204 782 1278 848 hoeo

190 885 310 949 civitas
324 883 554 966 poenitentiam
569 894 693 968 ageret,
719 879 810 963 quod
825 900 934 962 regem
957 902 979 946 u
1003 883 1149 948 finitimis
1165 885 1280 967 potius

189 990 341 1050 mutuatu
355 990 455 1060 esset,
470 1003 571 1068 quoru
585 983 628 1047 do
643 984 715 1046 suis
729 983 890 1065 legisset*

232 1087 264 1152 3.
287 1087 328 1151 In
342 1088 457 1152 Servio
471 1092 581 1151 nutem
595 1085 711 1150 Tullio
721 1094 748 1126 ¹⁰
768 1087 900 1152 fortuna
913 1087 1082 1170 praecipuo
1097 1087 1186 1151 vires
1200 1107 1280 1152 snus

191 1189 346 1268 ostendit,
363 1209 493 1255 vernam
508 1188 584 1256 huic
599 1187 695 1252 urbii
709 1196 825 1253 nutum
840 1209 950 1272 regem
964 1188 1087 1252 dando.
1129 1187 1194 1253 Cui
1208 1191 1281 1273 qui-

190 1291 265 1355 dem
280 1291 465 1356 diutissime
479 1290 653 1373 imperium
670 1291 832 1366 obtinere,
844 1292 1108 1374 quaterlustrum
1120 1287 1281 1368 condere}

85 1434 87 1438 -
190 1397 240 1456 ter
254 1393 451 1476 triumphare
475 1391 620 1473 contigit.
668 1389 718 1454 Ad
739 1389 935 1456 s‘ummnm¹¹
959 1399 1081 1468 autem,
1102 1392 1281 1476 undepro·

190 1495 339 1571 cesserit,
368 1499 427 1558 rut
441 1511 508 1574 quo
532 1492 726 1575 pervenerit,
750 1499 872 1558 stutuae
892 1495 1001 1576 ipsius
1016 1494 1135 1558 titulus
1150 1495 1282 1560 abunde

223 1717 233 1744 ‘
251 1711 415 1775 (Μανίου
425 1712 474 1772 sius
484 1714 588 1764 monimo
598 1719 643 1775 ert,
664 1713 744 1779 effecit
761 1713 812 1763 suis
828 1713 964 1780 virtutibus,
984 1728 1014 1763 ns
1033 1716 1121 1762 nostro
1137 1713 1202 1762 uriir
1214 1713 1283 1770 sires

188 1775 313 1859 puniisset
323 1777 392 1840 quod,
401 1778 442 1838 irc.

649 1873 825 1894 ”mmm

190 1984 255 2032 dioro
265 1984 388 2041 rsddidltr
404 1984 477 2036 Leto.
487 1989 512 2034 7.
524 1993 552 2034 et
563 1985 642 2034 Burb.
655 1991 677 2034 1.
690 1987 747 2034 Turn
756 2000 781 2048 p.
792 1984 935 2033 nonditionir
950 2001 999 2034 sun
1016 2001 1037 2035 s.
1054 1985 1222 2034 industriosum
1239 2001 1282 2046 pro

190 2047 431 2105 insidiosoreddidiir
448 2050 541 2112 Copes.
555 2051 613 2099 'l'urn
627 2066 651 2113 p.
669 2065 690 2098 r.
707 2064 727 2097 s.
745 2064 766 2098 e.
785 2050 952 2097 industriorum
968 2064 1010 2110 pro
1029 2050 1143 2098 insidioso
1162 2050 1265 2098 reddidit
1274 2065 1284 2108 ,·

192 2109 289 2173 Ultrsj.
300 2115 325 2160 1.
336 2113 394 2161 Turn
403 2113 429 2161 in
445 2127 613 2176 prosperans.
630 2118 737 2162 eventurn
752 2113 919 2162 industriorum
935 2115 1063 2174 gloriosum
1078 2115 1153 2162 inrisu
1170 2127 1213 2176 pro
1231 2116 1286 2162 red·

191 2176 272 2231 didit:
291 2175 389 2226 Donec.
400 2184 427 2226 et
442 2177 491 2226 duo
505 2177 598 2226 linem.
611 2179 669 2226 Turn
679 2178 704 2226 in
714 2193 738 2239 p.
750 2193 770 2226 c.
781 2193 800 2226 r.
810 2181 934 2232 esuriumr
951 2192 1014 2226 unus
1026 2178 1105 2226 Busil.
1116 2178 1285 2226 industriorum

189 2236 361 2302 prejudicium
377 2241 498 2298 reddidit,·
523 2243 597 2305 ulter,
623 2243 790 2291 industriorum
807 2256 851 2302 pro
868 2241 982 2289 insidioso
1000 2242 1122 2298 reddiditr
1139 2242 1229 2290 Wssse
1257 2242 1283 2288 in

192 2302 282 2352 Indire
300 2305 403 2355 Sallust.
423 2320 486 2355 voce
503 2305 666 2367 ‘Industrir,'
687 2307 752 2355 dicit
769 2305 826 2353 eod.
845 2302 956 2354 nubere:
981 2307 1061 2367 ipsun
1079 2307 1220 2355 conditionis
1235 2320 1285 2354 σιω

192 2372 298 2416 euentum
313 2369 489 2429 industriorum,
503 2386 547 2433 pro
558 2371 711 2432 ignominioso
721 2371 850 2431 gloriosum
860 2370 978 2426 reddidit,·
996 2370 1114 2419 Perizon.
1134 2371 1201 2435 oonj.
1219 2385 1285 2419 eoem

191 2437 241 2479 turn
253 2431 428 2491 industriorum,
444 2439 468 2483 et
477 2450 520 2498 pro
530 2434 644 2484 inuidioso
659 2449 687 2496 g.
703 2435 864 2484 renuidis-s
881 2433 923 2482 lta
943 2435 1019 2498 Pigu.
1039 2449 1070 2482 ex
1090 2435 1180 2496 Camp.
1201 2441 1228 2482 ot
1247 2434 1285 2481 sic

193 2497 306 2544 nonnulli
317 2499 425 2548 Torreu.
437 2499 697 2564 anlooitsnirnstnes
709 2499 810 2548 Romani
823 2498 903 2561 populi
921 2498 945 2546 in
956 2498 1053 2548 Brund.
1071 2498 1159 2546 multis
1178 2499 1284 2546 Torren.

193 2567 220 2610 st
231 2563 290 2612 edd.
305 2571 369 2612 vett.
382 2562 483 2612 Romani
494 2563 654 2627 imperiifines
663 2563 774 2626 Herbip.
793 2563 878 2627 Populi
889 2562 1059 2628 muronistnsr
1071 2561 1145 2612 Burb.
1156 2566 1179 2613 1.
1190 2561 1284 2625 Copes.

193 2625 357 2676 utillud-9
374 2628 486 2688 Quodque
506 2641 569 2676 unus
589 2637 617 2675 er
634 2628 702 2677 ulter
720 2628 827 2678 Torren.
844 2641 902 2677 onor
922 2629 1006 2691 vnlgg.
1041 2629 1104 2676 Mos
1124 2627 1232 2690 Pighius
1251 2641 1286 2676 ox

194 2690 284 2740 Color.
295 2691 353 2738 Sus.
365 2696 392 2739 st
403 2690 488 2738 Polus.
499 2705 578 2751 regern
595 2690 646 2750 uf.
663 2708 687 2754 p.
702 2696 840 2749 murmuri,
856 2699 884 2742 et
903 2692 987 2742 Color.
1006 2697 1034 2742 et
1050 2692 1128 2754 i'hys.
1147 2701 1207 2741 sunt
1226 2705 1284 2742 eum

192 2753 292 2812 securi3
309 2759 336 2802 ut
347 2757 453 2802 nunus
463 2760 523 2804 esset
534 2755 631 2804 hubent
643 2755 740 2805 Brund.
754 2761 775 2806 l.
786 2761 811 2804 2.
822 2763 850 2804 ut
860 2770 949 2805 omnes
957 2757 1063 2804 Torreu.
1074 2769 1132 2804 curn
1138 2756 1200 2808 Vet.
1214 2757 1286 2818 urg.

137 2823 139 2829 ’
192 2816 301 2866 Veneti.
315 2821 337 2867 1.
349 2822 373 2865 2.
384 2820 408 2866 3.
419 2822 443 2867 l.
454 2823 478 2866 d.
497 2818 604 2868 Mediol.
618 2823 640 2869 1.
652 2819 713 2869 Μ.
725 2823 748 2869 l.
760 2825 784 2868 5.
802 2820 899 2868 Oliver.
918 2819 997 2868 Aldu.
1010 2824 1068 2870 1.2.
1085 2823 1108 2868 3.
1119 2823 1141 2868 l.
1158 2824 1184 2872 5.
1203 2821 1287 2872 corin.

192 2893 281 2928 ornnes
293 2879 493 2944 cryptistepu.
512 2883 622 2946 Herbip.
641 2889 670 2932 et
688 2883 844 2932 curlo-lu
859 2883 911 2931 Sex
930 2883 1007 2932 codd.
1026 2884 1131 2935 Torren.
1152 2898 1209 2932 cum
1227 2883 1288 2936 Vet.

194 2943 266 3005 Mon.
278 2944 386 2994 Venott.
406 2946 512 2995 nledtol.
531 2945 652 3008 et2Atdd.
673 2945 704 2994 ln
725 2946 801 2994 Tullio
817 2960 871 2998 sero
889 2945 987 3002 Sernior
1004 2961 1050 2995 sex
1069 2948 1112 2998 ulii
1130 2947 1237 2996 Torren.
1256 2947 1287 2997 ln

196 3007 273 3056 Tullio
284 3022 337 3057 sero
346 3008 447 3066 fortuna
454 3025 464 3066 ,·
481 3011 575 3071 Coper.
588 3011 618 3059 ln
630 3009 864 3058 transmovere.
898 3009 961 3057 Mox
973 3009 1073 3072 Lipsius
1092 3013 1174 3069 legit:
1191 3025 1288 3060 sernum

130 3077 132 3085 ‘
194 3077 284 3132 notum,
301 3072 355 3122 iuis
365 3073 418 3122 urdi
426 3089 505 3132 regern
516 3075 611 3131 dondo,·
628 3074 702 3133 prob.
714 3074 807 3122 Colero
819 3081 845 3122 et
855 3073 975 3136 Gnyet03
991 3074 1036 3122 sed
1049 3079 1194 3137 repugnent
1210 3073 1287 3122 codd.

196 3135 317 3185 Burtlriur
329 3138 400 3199 legit,
415 3138 597 3188 insutum-ll
615 3138 708 3200 Ultruj.
722 3142 744 3187 l.
756 3137 930 3186 Adsummurs:
944 3139 1043 3201 aliquot
1051 3137 1126 3188 codd.
1136 3152 1193 3186 curn
1204 3137 1289 3200 vulgg.

194 3200 297 3261 habunt,
311 3205 470 3260 uutsmuuds,
488 3201 615 3265 probante
630 3202 761 3252 Torrenio.
794 3202 896 3252 Deinde
916 3202 1067 3268 Rutgersius
1088 3217 1134 3265 pro
1154 3201 1289 3263 cognomine

195 3263 267 3328 legit,
282 3265 384 3328 nornine,
400 3274 490 3316 ooutru
502 3281 590 3316 omnes
602 3267 678 3316 codd.
714 3266 838 3316 Nonnulli
856 3268 964 3317 Torren.
982 3267 1113 3316 cum.Vet.
1130 3266 1290 3330 perplexis·-

692 3389 799 3440 NOTAE

229 3501 352 3550 ‘Cultum
366 3503 481 3566 Deorum]
498 3503 566 3554 Quis
578 3501 722 3566 Collegium
763 3505 861 3554 0188.
886 3503 1077 3555 nuncuorl.

197 3577 331 3640 Augurum
343 3587 449 3641 propter
459 3579 576 3628 Novium
587 3593 685 3630 summo
696 3579 723 3628 in
795 3577 808 3612 h
830 3579 929 3630 Versum
939 3579 994 3628 isis
1003 3579 1067 3638 urii,
1085 3579 1139 3643 uu]
1157 3579 1246 3638 servu,
1258 3593 1290 3628 ro

196 3657 292 3705 lronore
303 3655 392 3703 haberi
403 3655 491 3704 uoluit.
763 3654 940 3704 libersmstrs
957 3660 1034 3704 ustus
1053 3655 1087 3703 sit
1106 3649 1219 3713 Servius,
1238 3655 1291 3718 qui·

229 3729 383 3780 ‘Nurnerum
401 3730 506 3796 usurus]
523 3730 565 3780 Ad
584 3731 724 3784 concilior·
765 3730 846 3780 burro
858 3730 1023 3793 gradibusud
1037 3745 1160 3780 summam
1180 3735 1292 3794 potestu-

198 3809 254 3858 dum
267 3807 316 3856 sibi
328 3806 431 3870 plebem
443 3814 548 3855 centurn
561 3807 663 3868 Patres,
681 3805 724 3870 qul
765 3813 817 3856 tem
829 3807 988 3869 pervenerit,
1002 3804 1059 3858 furo
1073 3805 1242 3869 explicuimus
1262 3805 1292 3853 li·

198 3887 322 3934 minorum
334 3882 450 3947 gentium
463 3881 525 3931 dieti
538 3889 607 3940 sunt,
616 3882 725 3934 Senatui
766 3881 813 3934 bro
824 3881 907 3945 primo
918 3881 1005 3943 cupite
1017 3887 1101 3931 sexto.

199 3959 307 4020 adjecit.
658 3969 660 3976 ·
798 3955 934 4006 ¹Lustrsrn
944 3956 1054 4020 uomere]
1071 3956 1174 4006 Primus
1187 3971 1292 4008 sensum

232 4033 515 4096 ‘Equestremordinsffl
535 4032 726 4082 Centnrirsdu·
766 4031 887 4091 instituit,
902 4045 932 4081 uc
952 4031 1041 4095 quinto
1057 4047 1157 4096 quoque
1175 4040 1293 4084 vertente

202 4107 244 4168 plo
259 4111 366 4172 majores
378 4109 502 4171 reddidit,
517 4124 592 4173 quum
605 4109 727 4160 Rourulus
768 4122 834 4158 anno
853 4106 909 4156 lieri
927 4107 1058 4160 decrerit:
1076 4121 1109 4158 ex
1120 4122 1199 4165 censu
1213 4123 1293 4172 popo·

201 4181 358 4241 instituerat.
767 4183 865 4234 lumin
887 4183 983 4232 classes
1005 4190 1033 4234 et
1055 4184 1183 4234 centurius
1208 4183 1295 4234 distri·

235 4262 246 4308 t
263 4257 313 4307 An.
325 4260 364 4308 M.
377 4266 454 4318 3119.
479 4262 523 4312 Ol.
540 4266 581 4312 ll.
601 4265 626 4317 2.
663 4259 729 4312 Urb.
768 4258 840 4322 buin
856 4257 1025 4322 triumphavit
1036 4265 1075 4310 ter
1087 4259 1120 4310 de
1131 4259 1276 4318 Hetruscis.
