3386 5262
677 969 898 1046 rncnnrr
938 967 1205 1046 recreans

783 1217 846 1328 V
876 1219 914 1332 I
942 1217 1000 1333 T
1028 1219 1090 1334 A

584 1504 923 1595 VALERII
972 1504 1299 1595 MAXIMI.

394 2058 609 2148 Vacemus
626 2083 817 2150 Maxnnus
838 2085 923 2149 civis
939 2083 1124 2162 Romanus,
1140 2084 1284 2167 patricio
1299 2105 1418 2168 genere
1433 2106 1490 2151 na·

395 2192 462 2262 tus,
496 2205 625 2250 ornnem
646 2188 824 2269 pueritiam
858 2194 892 2252 et
916 2207 1069 2270 magnam
1097 2187 1332 2251 adolescentiae
1360 2193 1490 2270 partem

393 2283 499 2349 literis
514 2288 751 2371 percipiendis,
774 2296 812 2353 at
822 2289 971 2353 honestis
986 2289 1114 2352 artibus
1128 2288 1229 2351 dedit.
1273 2288 1369 2364 Inde,
1381 2295 1491 2351 sumta

394 2387 484 2450 virili
495 2395 587 2470 tuga,
600 2409 636 2452 se
649 2391 785 2452 contulit
806 2389 850 2451 ad
865 2391 914 2450 rei
929 2389 1087 2449 militaris
1102 2386 1334 2466 disciplinam:
1356 2388 1414 2448 ubi
1430 2387 1491 2452 ali·

395 2486 543 2569 qnandiu
558 2487 727 2568 stipendia
739 2487 873 2561 fecisse,
887 2491 920 2547 et
935 2487 968 2546 in
980 2483 1099 2547 Asiam
1116 2503 1192 2546 cum
1207 2484 1311 2548 Sexto
1325 2486 1490 2570 Pompeio

393 2588 569 2669 navigasse
594 2586 722 2649 dicitur.
766 2585 863 2648 Unde
883 2603 1049 2661 reversus,
1073 2603 1150 2648 cum
1165 2584 1294 2649 videret
1318 2607 1356 2651 se
1371 2589 1489 2670 patriae

395 2709 466 2754 suae
481 2694 550 2753 tam
563 2689 646 2752 bene
661 2687 817 2762 dicendo,
831 2705 937 2776 quarn
947 2683 1194 2749 benefaciendo
1204 2706 1308 2769 posse
1320 2689 1489 2771 prodesse,

395 2809 499 2872 aquo
522 2791 659 2873 incepto
683 2788 794 2853 studio
816 2788 948 2851 militiae
971 2786 1078 2869 gloria
1093 2786 1287 2867 detinuerat,
1301 2790 1418 2855 eodem
1442 2811 1492 2857 rc·

394 2909 540 2970 gressus,
568 2892 686 2955 statuit
696 2889 786 2953 urbis
802 2889 920 2955 Romae
931 2890 1197 2973 Exterarumque
1208 2889 1367 2955 Gentium
1385 2894 1490 2959 Facta

395 2991 493 3054 simul
507 3009 548 3054 ac
564 2991 668 3056 Dicta
679 3001 865 3056 memoratu
881 2993 991 3076 digna,
1014 3002 1052 3058 ut
1073 2995 1148 3076 ipse
1163 2991 1296 3066 fatetur,
1320 2994 1488 3058 literarum

393 3095 617 3159 monumentis
636 3095 886 3160 commendare:
909 3098 1000 3181 quod
1022 3097 1162 3162 feliciter
1184 3103 1219 3160 et
1243 3096 1388 3178 gloriose
1411 3115 1491 3159 con-

395 3200 529 3259 secutus
544 3203 606 3259 est.
650 3195 781 3261 Floruit
804 3203 913 3260 autem
927 3196 1054 3264 Tiberii
1065 3197 1210 3262 Caesaris
1227 3199 1445 3279 temporibus,
1458 3205 1493 3261 et

394 3297 458 3358 sub
473 3297 547 3378 ejus
562 3298 701 3378 imperio
714 3298 799 3361 hanc
820 3298 957 3377 scripsit
973 3297 1171 3370 Historiam,
1196 3296 1292 3376 cnjus
1316 3299 1414 3358 etiam
1429 3316 1490 3358 nu-

392 3414 471 3456 men
486 3397 634 3460 invocat.
679 3395 903 3478 Imperatores
918 3395 1005 3457 enim
1023 3394 1179 3470 Romani,
1202 3412 1279 3454 cum
1295 3394 1416 3456 virtute
1431 3414 1493 3457 sna

387 3493 482 3574 juste
498 3503 677 3580 sancteque
693 3496 877 3576 gessissent
901 3496 1091 3576 imperium,
1103 3493 1227 3577 *divino
1243 3493 1492 3558 celebrabantur

390 3591 527 3672 honore,
556 3606 592 3661 et
620 3600 654 3661 in
683 3596 832 3659 Deorum
860 3614 1033 3657 nnmerum
1062 3591 1367 3658 transferebantur:
1403 3594 1490 3659 unde

390 3691 496 3754 etiam
518 3695 632 3761 Divos
649 3698 871 3778 Imperatores
896 3695 1117 3777 appellamus.
1162 3694 1279 3760 Genus
1294 3716 1371 3760 vero
1395 3716 1490 3760 suum

387 3797 569 3865 paternum
585 3815 607 3858 a
624 3804 723 3877 gente
740 3796 890 3874 Valeria,
912 3801 1094 3859 maternum
1108 3816 1129 3860 a
1145 3795 1255 3860 Fabia
1270 3798 1413 3862 duxisse
1428 3798 1491 3862 fer-

385 3891 454 3950 tur:
477 3893 574 3956 unde
588 3894 747 3959 Valerius
763 3897 939 3961 Maximus
962 3917 1006 3960 ex
1021 3906 1159 3979 utraque
1173 3898 1301 3962 familia
1323 3900 1354 3962 ei
1377 3919 1490 3963 nomeu

383 3989 444 4046 esd
489 3989 549 4054 De
568 3997 671 4079 cujus
687 4004 790 4062 morte
806 4007 895 4062 certe
909 3999 990 4063 nihil
1005 4004 1116 4080 potest
1130 3999 1249 4063 afferri.
