3214 5170
329 451 395 518 384
626 461 780 511 venenu
807 462 952 510 uaxrnr
979 463 1053 512 ure.
1077 461 1134 512 ιιι.

330 615 440 674 sotum
453 610 563 693 ipsum
579 612 862 689 prosequamur3¹
884 606 985 688 enjus
999 597 1287 688 ponderosissima
1308 607 1370 684 ris,
1391 611 1425 672 et

330 706 551 775 efficacissimi
562 706 686 782 lacerti,
700 707 734 769 iu
748 705 941 769 fortitudine
957 707 1169 770 consistunt·
1215 708 1291 772 Neo
1305 715 1422 791 prsete—

330 811 373 872 rit
386 827 451 885 me,
474 806 625 870 eonditor
649 805 750 868 Urbis
774 811 898 870 nostrae
927 803 1085 883 Romule,
1111 807 1337 890 principatum
1364 807 1424 872 tibi

328 909 392 973 boc
413 907 449 970 iu
474 925 592 988 genere
606 904 717 968 laudis
732 905 893 985 assignari
910 913 1085 987 oportere.³
1131 905 1197 968 Sed
1220 913 1345 988 patere,
1363 908 1424 972 ob·

330 1027 441 1084 seero,
455 1025 521 1070 uuo
533 1015 567 1070 te
582 1005 738 1088 praesumi
756 1006 927 1087 exemplo,
944 1007 1001 1070 oni
1016 1012 1049 1068 et
1059 1007 1132 1089 ipse
1147 1004 1351 1088 aliquantum
1365 1009 1423 1071 bo·

330 1109 420 1172 noris
435 1107 559 1170 debes:
583 1106 662 1187 quia
676 1105 839 1168 beneficio
854 1105 944 1168 illius
960 1105 1112 1169 effectum
1127 1111 1190 1182 est,
1205 1124 1247 1167 ue
1261 1111 1328 1168 tam
1337 1126 1423 1189 pree-

329 1209 452 1273 clarum
467 1225 554 1290 opus
568 1212 660 1270 tuum
676 1203 785 1268 Roma
799 1203 1004 1269 dilaberetur.

370 1309 402 1371 1.
424 1307 603 1371 Hetruscis
621 1307 657 1369 in
671 1306 806 1370 urbem⁸
827 1313 928 1387 ponte
944 1305 1120 1370 Sublicioi
1140 1307 1423 1389 irrumpentibus?

328 1409 491 1473 Horatius
522 1407 663 1471 Cocles⁰
685 1412 869 1470 extremam
894 1405 966 1489 eJus
992 1413 1120 1488 partem
1149 1408 1348 1490 occupavit:
1371 1414 1422 1472 to·

328 1516 464 1592 tumque
478 1509 622 1572 hostium
637 1525 764 1588 agmen,
779 1507 886 1569 donee
900 1511 977 1589 post
991 1511 1117 1588 tergum
1132 1527 1225 1572 suum
1253 1527 1341 1592 pons
1364 1509 1422 1572 ab·

326 1616 544 1692 rumperetur,
559 1607 760 1689 infatigabili
775 1626 886 1689 pugna
898 1608 1074 1674 sustinuit:
1097 1617 1211 1691 etque,
1227 1615 1265 1674 ut
1279 1609 1421 1691 patriam

327 1711 474 1800 periculo
495 1711 676 1775 imminenti
700 1709 876 1772 liberatam
892 1709 987 1788 vidit,
1013 1718 1158 1776 armarius
1173 1731 1211 1774 se
1226 1712 1261 1773 in
1275 1709 1422 1775 Tiberim

328 1813 432 1878 misit.
475 1811 581 1895 Cujus
595 1809 819 1874 fortitudinem
835 1809 896 1873 Dii
916 1811 1122 1874 immortales
1144 1811 1307 1888 admirati,
1329 1812 1421 1875 iuco-

326 1914 513 1978 lumitatem
528 1911 716 1976 siueerum‘¹
739 1911 771 1976 ei
797 1911 1033 1992 praestiterunt.
1078 1911 1170 1976 Nam
1183 1932 1293 1995 neque
1308 1903 1422 1976 altitu-

326 2012 402 2078 dine
417 2013 565 2098 dejeetus
581 2016 784 2095 quassatum
806 2029 912 2094 neque
927 2012 1075 2095 pondere
1091 2031 1254 2077 armorum
1271 2030 1420 2094 pressae,

358 2219 370 2242 ⁶
387 2210 439 2258 Nus
446 2209 556 2268 cumjom
566 2208 638 2258 iuitiu
647 2213 670 2257 et
680 2208 747 2271 quusi
755 2208 859 2270 primum
869 2208 967 2257 uirtutis
977 2209 1077 2258 indolem
1087 2209 1277 2272 explicuerimus,
1286 2223 1348 2256 sum
1364 2221 1420 2256 sur-

324 2273 528 2398 mimi-mm
548 2273 613 2323 itlius
632 2272 748 2367 φοίνιξ
775 2274 843 2333 eujus
863 2271 900 2320 vis
921 2273 1025 2322 mmo
1046 2277 1069 2321 et
1093 2273 1214 2334 precipua
1235 2270 1421 2373 infortitudine

781 2426 960 2446 ”menneo
1051 2437 1054 2444 .

325 2526 533 2588 praecedens-2
550 2525 648 2572 Omnes
659 2522 733 2571 codd.
745 2526 773 2570 et
784 2522 845 2571 edd.
857 2529 916 2572 aute
926 2522 1002 2585 Pigb.
1013 2522 1111 2571 babent
1129 2521 1171 2570 vel
1186 2535 1360 2585 prosequemur,
1379 2526 1422 2572 rel

321 2586 786 2710 ''mertifittttt‘t‘tttt
796 2585 1323 2701 {reuerentissime
1344 2587 1419 2706 itt·

324 2658 349 2763 ἐ.
359 2659 582 2776 &emperiam-s
600 2713 679 2776 Vulg.
690 2712 793 2774 dejectus
810 2667 1064 2777 ummrumefhtps.
1084 2664 1272 2774 consistoriali
1290 2686 1421 2776 quassatus,

324 2792 407 2840 neque,
417 2780 456 2840 tre.
467 2784 502 2826 et
512 2778 549 2826 sie
561 2791 625 2825 unns
636 2777 733 2825 Brund.
742 2777 794 2826 duo
805 2779 897 2830 Rhem.
912 2785 940 2828 et
951 2778 1048 2841 Ultraj.
1062 2782 1086 2828 l.
1118 2779 1125 2807 ‘
1138 2777 1196 2826 Non
1215 2776 1333 2825 dubitavi
1353 2777 1419 2827 bane

323 2840 407 2905 lipsii
418 2840 487 2904 conj.
498 2842 526 2890 in
537 2847 639 2891 textum
650 2841 784 2904 recipere!
801 2843 882 2904 Kupp.
900 2842 968 2907 Guy.
980 2843 1048 2907 conj.
1064 2841 1200 2892 altitudinis
1217 2841 1308 2902 deiectu
1326 2857 1421 2904 quassu-

819 3002 925 3053 NO'I'AE

355 3119 368 3149 ⁸
384 3112 512 3162 Hetruscis
530 3113 556 3161 iu
572 3111 663 3175 urbem]
683 3113 769 3162 Pulsis
788 3114 852 3163 urbe
892 3115 1023 3167 sustinuit.
1057 3115 1145 3164 ‘Rem
1164 3113 1256 3173 susus,'
1278 3112 1362 3178 inquit
1379 3112 1418 3161 li·

322 3190 478 3256 Tarquiniis,
494 3191 526 3240 ad
540 3191 679 3240 Porsenam
689 3189 852 3240 Clusinorum
893 3193 957 3255 vius,
975 3193 1053 3255 ‘plus
1064 3190 1140 3240 famae
1151 3191 1297 3240 babituram
1313 3188 1345 3238 ed
1362 3201 1418 3252 pos·

322 3267 420 3328 Regem
432 3265 615 3329 confugeram
631 3266 673 3329 qui
681 3266 782 3329 junctis
794 3281 862 3316 eum,
891 3260 970 3328 ter'os,
987 3281 1063 3330 qnam
1074 3263 1153 3314 fidei!
1361 3327 1363 3330 Ι

323 3340 436 3391 Octavio
461 3342 578 3391 Mamilio
599 3341 735 3405 Tarquinii
757 3356 852 3406 genero
923 3339 1174 3402 enumeraremus]
1193 3337 1316 3389 Horatius
1334 3335 1418 3386 dietus

322 3416 406 3479 copiis
417 3416 524 3465 Romam
535 3416 632 3484 infesto
644 3419 762 3469 exercitu
772 3420 852 3470 veuit.
891 3424 941 3480 est,
952 3417 1019 3482 qnod
1032 3418 1063 3466 ab
1076 3416 1190 3465 Horatiis
1200 3413 1359 3480 Tergeminis
1370 3413 1419 3463 ori·

354 3488 778 3558 lPortaStultitiaimrorrpeutilms]
795 3495 850 3544 He·
890 3491 974 3554 gisem
996 3491 1122 3550 duceret;
1149 3490 1241 3540 Cocles
1263 3503 1333 3551 vere,
1351 3487 1418 3552 quod

323 3565 402 3614 tresel
412 3564 559 3616 Jauieulum
570 3567 653 3630 primo
664 3568 764 3631 impetu
775 3584 850 3620 occu·
890 3566 999 3614 alterum
1015 3566 1041 3613 iu
1054 3577 1140 3626 pugna
1156 3565 1257 3612 oculum
1274 3563 1416 3612 amisisset:

321 3647 401 3704 pant:
420 3647 475 3690 tum
495 3642 527 3690 ed
546 3655 636 3691 manus
654 3657 712 3693 oum
727 3644 849 3694 Romanis
890 3640 997 3689 Horatii
1007 3638 1112 3689 Puluilli
1131 3653 1198 3688 anno
1215 3638 1341 3702 superiori
1351 3637 1419 3687 Con·

321 3711 427 3766 rentum
439 3721 495 3776 est;
512 3714 567 3778 (liu,
584 3715 730 3780 acriterque
750 3731 849 3780 pugna·
890 3714 1042 3765 sulisfrater
1053 3715 1186 3778 patruelis.

320 3796 389 3849 tum3
406 3790 511 3838 tandem
531 3789 708 3853 postmultum
720 3791 849 3857 utrimque
921 3790 1136 3840 “incolumitatem
1145 3788 1271 3851 eremum]
1286 3787 1311 3838 A
1328 3787 1419 3848 Servio

320 3865 420 3916 eaedem
439 3865 547 3914 Romani
565 3861 659 3914 suueiis'
678 3864 785 3915 ducibus
797 3868 849 3916 Va·
890 3866 987 3928 sagitte
998 3864 1080 3915 femur
1091 3867 1217 3931 trajectus
1226 3863 1334 3923 dieitur3
1347 3875 1420 3911 eum·

319 3940 385 3990 lerio
396 3946 425 3989 et
432 3939 556 3990 Lucretio
568 3940 594 3989 in
606 3938 694 3988 urbem
705 3939 849 4005 refugitum
890 3959 939 4008 que
950 3944 1082 4008 aliquanto
1100 3952 1170 4008 post,
1186 3958 1230 3992 seu
1252 3956 1300 4006 per
1317 3941 1417 4003 jocum,

320 4014 408 4064 hostes
426 4029 517 4080 magua
535 4016 560 4064 vi
575 4029 591 4064 e
607 4020 680 4078 tergo
691 4015 803 4066 instent:
822 4023 851 4066 at
890 4034 936 4068 seu
946 4021 1015 4069 serio
1031 4020 1067 4069 illi
1083 4021 1251 4082 objiceretur,
1268 4016 1337 4082 qrrod
1349 4016 1419 4065 eluu-

322 4087 447 4138 Horutius
470 4092 563 4142 Cocles
591 4091 702 4155 primum
724 4107 783 4142 eum
804 4093 849 4156 Sp.
889 4092 937 4143 durs
957 4100 1040 4143 esset:
1065 4093 1129 4143 ‘At
1150 4093 1216 4157 ego‚'
1240 4092 1334 4158 inquit,
1350 4093 1419 4155 ‘per

321 4162 416 4222 bergio
434 4172 462 4214 et
478 4169 509 4216 Τ.
522 4169 668 4230 Herennio,
684 4168 779 4218 deiude
798 4169 849 4217 illis
889 4166 1003 4229 singulos
1022 4166 1115 4228 gradus
1134 4167 1274 4218 admoneor
1295 4167 1418 4233 triumphi

321 4233 402 4286 stiam
412 4236 520 4299 dilapsis
531 4241 600 4289 solus
619 4255 707 4290 eorum
724 4242 848 4304 impetum
889 4241 956 4291 mei'
