3224 5162
387 471 470 518 car.
485 468 525 516 ιι.
550 467 597 518 or
622 463 924 518 uacssrsasuuu
950 464 1118 514 osricus.
1231 448 1297 526 249

210 612 343 686 tiorum,
365 610 516 694 jocmtas
535 606 653 672 obrius
674 603 886 688 warenna:
908 600 1008 686 cujus
1037 602 1212 668 hilaritatis
1227 624 1296 672 me·

210 711 440 776 menusanum
449 709 587 776 mrsuitu
602 703 770 772 turiurumi
794 704 963 788 repetitur.
1000 702 1204 770 mansues]
1218 725 1298 774 voto

210 813 341 894 equitas
356 805 491 876 [amasi
514 803 670 876 Juliis⁴¹¹
690 805 737 885 Q.
753 805 910 872 Fabiusnu
932 805 1119 872 traasrlsuohin
1140 805 1295 876 instituit.

664 965 842 988 emm

209 1053 283 1104 codd.
300 1053 373 1104 ducti
391 1053 486 1113 Mos:
501 1052 622 1104 undecim
640 1051 715 1104 codd.
735 1048 807 1101 ducti
828 1049 921 1108 utam
937 1047 1017 1099 Baris.
1033 1051 1057 1098 2.
1075 1055 1105 1099 et
1122 1048 1220 1100 Medic.
1238 1055 1297 1103 Μ.

208 1119 279 1167 aaut
289 1119 359 1168 auios.
391 1119 454 1168 Mox
465 1118 533 1168 idem
545 1119 652 1181 Pighius
664 1132 697 1168 ex
712 1115 868 1181 quibusdam
884 1115 961 1166 codd.
978 1114 1078 1164 notauit
1087 1113 1196 1174 jocatum
1209 1117 1297 1176 Μία.

207 1187 278 1231 aaut:
302 1182 392 1246 Uitraj.
414 1184 606 1232 1.rrrettoerart.
638 1183 693 1231 Pro
710 1178 839 1230 mauram
857 1178 972 1229 nonnulli
992 1179 1189 1228 bodiarum-dl
1208 1179 1298 1244 Longe

208 1247 290 1310 major
301 1261 360 1311 pars
371 1245 448 1297 codd.
466 1261 523 1296 curu
538 1246 599 1297 edd.
611 1254 671 1296 aute
682 1245 801 1310 Pigbiuur
812 1243 917 1308 hubent,
928 1242 1000 1294 delii.
1032 1242 1134 1292 Deinde
1151 1242 1226 1292 Harl.
1244 1257 1298 1294 cass

700 1369 807 1422 NOTAE

236 1469 243 1503 ¹
261 1468 396 1538 Fumea]
413 1467 498 1520 saria
513 1483 529 1518 a
545 1466 668 1520 sedendis
680 1466 731 1517 sic·
772 1464 892 1529 pitolinus
903 1462 990 1528 plebe,
1006 1470 1068 1530 quot
1084 1463 1139 1513 dies
1157 1463 1191 1513 ad
1210 1463 1298 1518 Nonas

206 1545 379 1605 timisdictoe;
394 1545 454 1596 alla
465 1544 587 1608 nubilosa,
603 1542 661 1594 aliae
678 1541 731 1606 pri·
771 1547 948 1604 superessent,
967 1539 1015 1590 irsc
1042 1537 1151 1588 formula
1172 1539 1298 1602 praedica·

207 1628 287 1670 ratas
313 1619 475 1683 arabicarum
495 1632 593 1682 genera
612 1624 730 1682 quatuor.
770 1616 832 1666 insta
849 1616 877 1664 Si
892 1615 1014 1679 quiaque,
1031 1615 1117 1664 ‘Dios
1135 1615 1250 1680 quinqua
1269 1623 1297 1670 te

206 1695 371 1755 astatium,
395 1694 471 1743 statis
497 1693 588 1743 diebus
611 1693 732 1742 universo
771 1705 845 1753 roco,
864 1691 934 1742 Juuo
969 1689 1097 1740 Novella!
1138 1691 1299 1756 streniam,

206 1771 301 1836 populo
316 1784 469 1819 communes.
504 1783 536 1820 ιι.
553 1769 731 1833 conceptiva,
768 1767 854 1816 ‘Dies
865 1773 967 1829 septena
977 1763 1163 1828 revocatum
1170 1767 1299 1818 Novella.’

205 1862 273 1912 quaa,
284 1841 333 1896 'ssi
352 1861 366 1896 s
384 1845 579 1906 Sacerdotibus,
594 1847 635 1895 vel
646 1845 730 1894 abia·
771 1844 865 1904 Nouae,
877 1844 950 1907 quasi
961 1856 1034 1892 novar
1053 1841 1237 1891 observationis
1248 1842 1298 1892 iui-

205 1922 392 1985 aistratibasiu
405 1929 492 1973 certos
510 1922 566 1972 dies
583 1920 730 1986 cominius·
770 1921 850 1980 tium;
868 1920 919 1981 rel,
936 1918 1004 1984 quod
1020 1918 1055 1968 ab
1073 1932 1106 1967 eo
1121 1917 1165 1966 die
1182 1916 1215 1966 sd
1234 1915 1297 1968 idas

204 2003 257 2057 tur,
273 2004 302 2047 at
320 1997 418 2047 irminae
435 1995 517 2047 feda.
551 2010 595 2047 ιιι.
613 1996 728 2059 Impera·
769 1993 927 2060 novemdies
944 2000 1107 2058 putarentur.
1139 1993 1189 2042 His
1203 1991 1297 2044 diebu

205 2072 276 2133 tiva,
294 2079 358 2136 quas
371 2086 418 2135 pro
435 2071 552 2136 imperio,
567 2085 613 2121 seu
625 2071 729 2128 Consul,
767 2070 824 2118 Rex
835 2071 972 2118 Sacrorum
985 2068 1063 2119 fes-iss
1072 2077 1218 2119 menstruas
1229 2083 1297 2133 pras·

203 2157 249 2195 seu
262 2147 363 2196 Praator
383 2145 539 2196 indicebant.
572 2159 612 2196 ιι.
630 2145 728 2195 Nundi·
765 2144 879 2195 dicebat.
922 2144 996 2205 idrus,
1030 2146 1070 2193 ssi
1093 2145 1127 2194 ab
1149 2158 1198 2195 ove
1218 2144 1297 2208 latuit,

205 2234 254 2278 nar,
270 2221 361 2286 quibus
373 2219 560 2270 corrreniebant
572 2219 672 2282 rustici,
689 2233 727 2268 rs·
767 2235 825 2284 quae
846 2221 896 2269 boc
918 2220 961 2270 die
990 2220 1178 2284 immolabatur,
1200 2221 1240 2269 sai
1263 2220 1296 2272 ab

204 2294 251 2344 bras
261 2295 312 2344 suis
324 2293 459 2359 provisuri.
491 2293 575 2343 Furiae
594 2307 656 2343 vero
675 2294 727 2358 pri·
768 2293 899 2345 Hetrusca
911 2309 974 2345 voce
990 2291 1085 2356 ldsa're,
1103 2296 1151 2346 boo
1162 2301 1212 2359 est,
1228 2294 1295 2346 divi·

204 2381 281 2434 ratae,
304 2371 361 2420 alise
383 2368 539 2420 familiarum
560 2369 681 2434 propria,
699 2376 727 2418 ut
768 2369 840 2434 dere,
854 2370 923 2436 quod
944 2384 1056 2420 mensem
1077 2372 1140 2420 duas
1162 2370 1188 2419 iu
1209 2375 1296 2436 partes

203 2447 344 2508 Corneiiae3
360 2445 417 2495 alise
428 2457 608 2508 personarum,
624 2450 653 2492 ut
671 2442 728 2493 dies
768 2461 851 2510 prope
863 2449 975 2512 aequales
988 2447 1115 2496 dividant.
1139 2459 1170 2496 ιι.
1199 2447 1296 2498 Kalen·

202 2523 309 2574 natales.
353 2519 527 2585 ‘Feriarum
555 2517 728 2585 fastorumque
768 2521 809 2572 dac
821 2531 920 2572 certam
939 2522 1026 2571 sedem
1045 2535 1147 2586 semper
1158 2527 1297 2586 occupant,

201 2598 269 2648 roilo
289 2596 316 2648 in
336 2595 424 2648 liberis
444 2594 586 2659 requietem
605 2593 683 2643 babet
698 2594 728 2642 li·
769 2597 1015 2662 primumcujusque
1027 2596 1120 2647 mensis
1138 2595 1220 2646 diem:
1242 2596 1297 2646 No·

201 2674 265 2726 tium
283 2681 311 2724 et
326 2671 473 2736 jurgiorum
480 2685 489 2734 3
510 2669 537 2718 in
557 2669 647 2732 servir,
667 2683 728 2736 ope·
768 2687 807 2722 nse
826 2678 854 2722 et
878 2673 939 2722 idus
957 2687 1008 2722 non
1029 2673 1100 2723 item.
1136 2671 1168 2721 In
1187 2671 1296 2736 Martio,

201 2762 256 2797 rum
268 2755 296 2798 et
307 2743 441 2796 laborum?
468 2743 562 2795 Cicero
573 2743 605 2793 de
616 2744 728 2809 Legibus
766 2749 847 2810 Maio,
861 2747 942 2813 Julio,
953 2756 980 2799 et
989 2747 1107 2809 Octobri,
1122 2747 1206 2798 Nonae
1214 2746 1295 2813 septi-

90 2853 95 2862 ·
201 2815 246 2870 iu.
259 2835 290 2870 ιι.
767 2822 920 2885 mum,1dus
931 2825 1059 2874 decimum
1070 2823 1202 2890 quintum:
1219 2823 1297 2873 iure·

231 2893 242 2936 i
260 2891 397 2958 amaa]
413 2891 551 2944 Suetonius
573 2892 643 2956 apud
669 2893 728 2942 Ser·
765 2895 840 2960 inquis
850 2897 936 2946 Nonae
947 2899 1075 2961 quintum,
1091 2895 1155 2947 Idus
1167 2897 1296 2948 decimum

202 2971 272 3022 sium
292 2970 342 3020 tris
356 2971 502 3020 trabearum
521 2984 617 3034 genera
637 2969 728 3020 distin·
767 2971 882 3020 tertium.
898 2971 991 3036 Sioque
1002 2973 1077 3021 nouis
1087 2972 1163 3021 modo
1175 2976 1296 3038 quatuor,

202 3048 275 3112 guin
290 3061 368 3096 unum
379 3058 395 3093 e
405 3045 461 3095 sola
471 3058 586 3109 purpura
596 3043 657 3094 Diis
669 3057 728 3094 cou-
767 3043 844 3095 modo
861 3059 906 3094 sex
923 3047 979 3096 dies
999 3047 1165 3097 tribuuntur:
1182 3059 1295 3110 semper,

202 3128 347 3183 sacratum
364 3120 472 3170 alterum
484 3134 498 3168 a
509 3133 623 3183 purpura
634 3123 729 3168 etcoc·
767 3126 795 3171 et
816 3119 906 3169 Idibus
925 3134 1029 3185 novem,
1043 3127 1071 3169 et
1090 3119 1218 3171 Kalendis
1236 3134 1295 3170 sex·

202 3211 235 3247 co
246 3195 384 3260 augurale3
401 3193 507 3245 tertium
518 3209 533 3244 e
545 3207 659 3258 purpura
669 3193 728 3246 albo
767 3195 859 3246 decim.

201 3271 411 3330 eoloreintextaa
424 3283 550 3336 quacum
560 3270 656 3338 Reges,
665 3278 729 3334 tum,
770 3267 773 3271 ’
799 3269 807 3304 ¹
821 3267 909 3334 deliis]
926 3268 989 3320 Cum
1001 3283 1016 3319 a
1026 3281 1113 3318 mense
1122 3267 1220 3318 Martio
1232 3269 1294 3319 anni

202 3348 300 3396 exactis
311 3345 435 3410 Regibus,
444 3352 472 3396 et
480 3346 603 3398 &asuleo
614 3347 727 3412 etEqui·
768 3347 923 3412 principium
951 3351 1096 3409 peteretur,
1121 3343 1165 3393 iric
1195 3341 1298 3410 menda,

202 3427 319 3484 teneam
338 3420 428 3471 idibus
438 3421 596 3474 Quintilibus
612 3427 727 3473 transve·
768 3423 836 3490 quod
855 3422 888 3472 ab
905 3436 936 3472 eo
954 3422 1058 3486 quintus
1077 3425 1154 3484 esset,
1170 3418 1295 3472 Quintilis

201 3498 334 3560 iterentur,
345 3499 385 3548 usi
396 3505 465 3548 sunt.
768 3500 853 3550 dictus
871 3503 928 3548 est:
946 3510 1089 3562 nomenque
1100 3510 1182 3557 suum,
1197 3495 1294 3546 Jauua·

233 3571 245 3606 ¹¹
260 3573 355 3638 Idibus]
373 3574 480 3625 Romani
493 3587 595 3624 menses
614 3574 727 3640 singulos
768 3576 806 3625 rio
817 3583 845 3625 et
856 3573 997 3625 Februario
1015 3588 1030 3622 a
1041 3573 1126 3623 Numa
1137 3570 1242 3633 additis,
1254 3583 1295 3620 re·

201 3657 255 3700 tres
265 3651 290 3698 iu
302 3657 391 3713 partes
410 3649 570 3713 tribuebant,
586 3651 728 3714 Kalendas,
769 3649 856 3701 tinuit.
879 3649 916 3700 At
925 3650 964 3700 M.
974 3647 1101 3698 Antonius
1112 3645 1216 3710 Consul,
1226 3647 1295 3696 teste

201 3728 300 3789 Nonas,
315 3732 344 3776 et
357 3725 435 3779 Idus:
453 3723 486 3774 de
498 3725 592 3790 quibus
604 3726 655 3779 duo
672 3736 728 3778 tau·
768 3725 914 3789 Macrobio,
936 3725 1021 3790 legem
1040 3722 1109 3784 tulit,
1133 3728 1163 3771 ut
1184 3734 1200 3771 a
1223 3718 1295 3773 Julio

201 3799 255 3852 lum
276 3801 429 3869 quarinum
458 3800 527 3850 unde
547 3801 603 3852 haro
626 3804 729 3856 nomina
769 3803 884 3864 Caesare,
907 3800 951 3870 qui
971 3812 1004 3851 ao
1023 3810 1111 3848 menae
1130 3801 1206 3847 natus
1227 3801 1296 3860 erat,

201 3878 292 3941 petita,
300 3881 414 3942 quotque
425 3875 481 3926 dies
493 3874 599 3938 singuiis
610 3878 727 3941 partibus
767 3879 853 3938 Julius
864 3878 1005 3928 diceretur.

201 3951 265 4002 dati.
299 3950 425 4001 Kalendas
444 3966 460 4000 a
477 3952 552 4012 rasa,
567 3951 636 4016 quod
658 3952 727 4016 apud
766 3953 771 3960 “
799 3961 818 3987 ¹¹
835 3947 978 4014 Quintius]
996 3948 1138 4000 Rullianus.

161 4041 164 4048 ·
202 4026 309 4077 Grecos
325 4025 395 4076 idam
412 4025 492 4087 vaist,
508 4025 576 4088 quod
594 4025 661 4087 apud
680 4040 726 4076 uos
798 4034 810 4058 ¹¹
828 4026 970 4088 irenaceis]
987 4026 1065 4075 Multi
1081 4025 1184 4090 quidem
1201 4026 1293 4078 deirae

202 4115 262 4150 socr.
295 4102 360 4152 Cum
382 4099 450 4149 enim
469 4114 557 4150 mensa
576 4099 726 4150 lunariute·
766 4115 861 4164 pompa
879 4100 1050 4163 scripserunt,
1074 4098 1119 4149 sed
1140 4099 1214 4150 aliter
1235 4101 1292 4153 aliis

203 4185 301 4238 rentur,
318 4178 361 4227 ubi
380 4177 502 4227 Pontifex
521 4179 629 4242 primum
646 4178 725 4228 Luna
765 4177 862 4240 piacet.
893 4176 932 4223 Eo
951 4175 1094 4225 institutam
1119 4181 1195 4239 putat
1219 4176 1293 4239 Siga·

202 4257 333 4315 aspectum
344 4253 516 4313 observasset,
534 4260 624 4304 uocata
635 4253 661 4304 iu
676 4254 726 4306 Ca·
764 4253 832 4318 nius,
847 4260 876 4302 ut
894 4250 1003 4318 Equites
1019 4250 1052 4301 de
1073 4250 1210 4316 stipendiis
1229 4252 1293 4317 legi·
