3214 5170
347 421 413 488 392
642 427 796 478 vaunnrr
819 427 965 476 unstrut
990 429 1063 476 uls.
1078 429 1134 477 ru.

350 601 405 648 res
420 581 520 654 viros,
535 573 746 640 vehementes
761 569 917 634 inimicos
931 587 1023 648 suos,
1050 573 1208 654 cupidam
1219 575 1245 612 ²⁸
1268 561 1335 641 sibi
1360 596 1435 661 pro-

347 682 522 747 fectionem
536 677 570 740 in
594 673 799 758 provinciam
827 669 1042 753 Hispaniam,
1068 691 1170 755 quarn
1194 678 1328 742 sortitus
1354 689 1435 758 erat,

347 781 528 847 identidem
557 776 809 860 exprobrantes,
836 771 961 853 legatos
990 791 1105 837 secum
1130 775 1211 838 illuc
1238 778 1287 842 ire
1313 780 1435 860 coegit.

347 883 523 947 Fiduciam
534 887 562 929 ²⁹
574 897 638 941 non
653 873 760 940 solum
775 871 970 949 fortem‚sed
985 893 1080 956 paene
1093 876 1194 939 etiam
1209 883 1434 946 temerariam!

346 1003 421 1068 quer
438 982 566 1046 dnobus
581 974 747 1040 acerrimis
773 973 862 1037 odiis
884 974 990 1038 latera
1020 995 1081 1039 sua
1105 977 1236 1058 cingere
1260 997 1346 1042 ause
1370 989 1434 1060 est,

345 1098 507 1164 usumque
522 1075 706 1152 ministerii,
721 1075 782 1137 vix
794 1081 903 1138 tutum
917 1076 951 1139 in
964 1077 1094 1155 amicis,
1106 1097 1125 1142 e
1137 1078 1210 1142 sinu
1221 1079 1434 1146 inimicorum

343 1191 456 1268 petere
471 1177 652 1243 sustinuit‘
662 1172 677 1202 '

384 1284 415 1347 6.
439 1281 544 1364 Cujus
553 1288 579 1326 ³⁰
599 1280 724 1345 sactum
749 1280 779 1342 si
801 1281 856 1343 cui
881 1279 1006 1362 piacet,
1030 1300 1172 1346 necesse
1197 1290 1252 1347 est
1275 1285 1314 1348 L.
1330 1285 1433 1351 etiarn

345 1385 485 1461 Crassi,¹¹
507 1383 565 1464 qui
581 1380 672 1463 apud
687 1379 832 1462 majores
847 1380 1036 1462 eloquentia
1050 1381 1257 1448 clarissimus
1270 1383 1345 1462 fuit,
1355 1403 1433 1468 pro·

342 1487 490 1571 positum
504 1503 572 1546 non
586 1481 780 1563 displiceat:
802 1500 879 1544 nam
902 1501 977 1545 curn
1002 1501 1047 1545 ex
1064 1483 1272 1548 consulatu³¹
1296 1487 1433 1568 provin-

343 1590 431 1654 ciam
446 1585 592 1650 Galliam
607 1582 779 1658 obtineret,
797 1588 898 1663 atque
912 1582 948 1645 in
973 1601 1047 1646 eam
1063 1582 1101 1647 G.
1117 1583 1240 1663 Carbo,
1262 1586 1355 1668 cujus
1368 1606 1430 1669 pa·

342 1695 447 1754 trem⁰
468 1686 694 1759 damnaverat,
718 1684 762 1746 ad
786 1683 992 1766 speculanda
1018 1690 1095 1749 acta
1117 1705 1181 1750 sna
1197 1687 1349 1764 venisset,
1364 1707 1430 1750 nou

343 1791 451 1856 soium
465 1806 541 1851 enm
554 1784 629 1848 inde
644 1802 711 1847 non
726 1786 917 1862 summovit,
930 1786 991 1849 sed
1005 1787 1141 1870 insuper
1154 1788 1264 1852 locum
1278 1788 1309 1850 ei
1323 1789 1357 1851 in
1372 1791 1430 1852 tri-

340 1890 458 1957 bunali
471 1886 667 1968 assignavit,
682 1905 744 1949 nec
760 1885 830 1949 ulla
844 1886 887 1949 de
899 1907 947 1964 re,
963 1886 1030 1950 nisi
1043 1906 1083 1950 eo
1097 1887 1131 1951 in
1145 1887 1322 1952 consilium
1335 1888 1429 1952 adhi-

340 1995 424 2069 bito,
439 1988 608 2074 cognovit.
652 1987 774 2070 Itaque
790 2007 865 2052 acer
881 1994 914 2051 et
927 1988 1104 2052 vehemens
1120 1988 1231 2053 Carbo
1245 1989 1326 2052 nihil
1340 1989 1430 2053 aliud

343 2093 479 2158 Gallice
493 2089 753 2174 peregrinatione
769 2095 969 2154 consecutus
984 2095 1046 2167 est,
1058 2109 1157 2174 quam
1172 2096 1209 2155 ut
1223 2091 1429 2154 animadver-

339 2200 423 2257 teret
437 2199 564 2256 sontem
573 2197 598 2236 ³²
620 2197 746 2272 patrem
759 2210 856 2256 sunm
869 2192 913 2254 ab
929 2190 1137 2271 integerrimo
1153 2191 1222 2255 viro
1241 2191 1428 2257 inexilium

336 2294 499 2357 missum

371 2463 381 2488 ²
399 2455 453 2510 Qua
468 2469 539 2504 ausas
554 2460 590 2503 est
607 2466 698 2513 semper
716 2449 798 2497 tabere
812 2462 888 2496 secam
906 2451 963 2497 daos
979 2449 1050 2510 ciras,
1070 2449 1122 2498 odio
1133 2451 1238 2500 maximo
1255 2453 1331 2515 ipsam
1347 2473 1430 2519 prese.

338 2524 440 2581 quantes,
452 2523 475 2566 rt
485 2518 559 2564 coluit
574 2515 680 2563 inimicos
695 2513 805 2563 addidere
821 2513 852 2562 ad
868 2513 947 2560 omnia
963 2513 1087 2574 legationis
1104 2528 1208 2578 manera,
1223 2531 1275 2579 qvoe
1291 2520 1432 2572 amiciscix

336 2585 388 2632 tato
398 2580 582 2631 committantur.

791 2655 969 2676 ‘nuceum'

335 2740 498 2789 stantia—28
514 2737 557 2787 Sic
568 2751 655 2786 omnes
665 2737 741 2786 codd.
753 2739 864 2791 Torren.
875 2756 934 2790 cum
952 2739 1012 2789 edd.
1032 2739 1114 2802 antiq.
1138 2739 1242 2802 capitam
1259 2740 1285 2790 in
1306 2743 1428 2806 vagg.-

335 2807 368 2851 29
385 2802 490 2865 Pighius
509 2816 541 2851 ex
560 2802 650 2865 Camp.
670 2811 698 2851 et
718 2803 831 2867 vestigiis
850 2805 942 2854 Atreb.
962 2804 1065 2854 Gembi.
1086 2803 1173 2852 coion.
1191 2813 1219 2852 et
1232 2805 1336 2857 Winek.
1352 2807 1428 2871 legit,

336 2868 360 2913 0
369 2867 494 2930 fiduciam.
525 2865 629 2915 Deinde
648 2871 707 2928 post
726 2870 875 2918 tesserariam
893 2869 975 2918 Aldus
996 2867 1132 2917 addiderat
1147 2868 1268 2931 exhibeas,
1285 2871 1351 2932 quod
1372 2878 1428 2921 tres

335 2935 435 2978 tantum
456 2929 530 2979 codd.
550 2930 653 2979 habent.
687 2930 739 2979 Alii
759 2947 807 2994 pro
825 2948 876 2995 qne
957 2947 1015 2981 ausa
1033 2938 1068 2980 est
1086 2932 1184 2994 legunt,
1201 2947 1248 2994 qna
1259 2939 1345 2982 ...ast
1361 2949 1427 2996 ausa,

335 3000 427 3043 contra
437 2995 549 3056 plurium
559 2992 635 3042 codd.
653 2999 680 3043 et
697 2995 756 3044 edd.
777 3003 842 3045 vett.
862 2997 1118 3046 auctoritatem-3⁰
1134 2995 1215 3056 Hujus
1226 2996 1341 3060 Pighius,
1357 2999 1426 3109 guod

333 3071 382 3107 nec
394 3058 469 3108 codd.
480 3073 529 3108 nec
540 3058 599 3107 edd.
610 3063 673 3107 vett.
685 3065 897 3122 agnoscunt—31
914 3061 957 3109 Ita
969 3061 1029 3110 Vet.
1040 3073 1098 3108 cum
1110 3057 1202 3109 Atreb.
1213 3073 1277 3108 unus
1287 3061 1356 3110 Bran
1378 3096 1385 3111 .
1395 3068 1425 3112 et

333 3123 426 3184 Uitraj.
439 3123 513 3185 prim.
532 3122 614 3171 ceteri
625 3137 655 3170 ex
665 3125 765 3187 ammte,
781 3127 898 3185 emanant,
913 3139 965 3174 cam
976 3125 1060 3173 11111111.
1092 3123 1190 3172 Nostra
1201 3123 1279 3173 tectio
1295 3125 1424 3188 siguificat

333 3186 410 3248 ‘post
421 3187 599 3235 consulatum!
623 3187 763 3235 Torrenius
775 3194 859 3237 tamen
871 3190 958 3237 malit:
976 3203 1030 3237 aam
1040 3203 1092 3236 ram
1102 3189 1213 3237 1111111111
1219 3203 1230 3245 ,·
1246 3188 1305 3252 qnia
1316 3191 1424 3239 Crassus

332 3251 411 3298 coasrd
422 3251 578 3312 provinciam
589 3250 700 3300 Galliam
712 3250 833 3314 obtinuit,
851 3267 901 3301 non
910 3267 971 3301 vero
980 3253 1108 3314 proconsul.
1141 3252 1205 3301 Mox
1215 3252 1295 3302 Bari).
1310 3258 1333 3302 1.
1350 3253 1424 3305 Leid.

332 3317 356 3363 3.
368 3320 396 3363 et
407 3316 502 3376 copes.
515 3315 632 3363 Gallicam
640 3331 650 3372 ,-
664 3315 738 3363 Leid.
750 3319 773 3362 1.
785 3316 881 3364 Gallia.
913 3315 1015 3364 Deinde
1028 3315 1101 3364 Leid.
1115 3321 1138 3364 1.
1152 3323 1179 3363 et
1198 3315 1259 3364 edd.
1278 3318 1358 3380 antiq.
1378 3318 1423 3368 Ga.

333 3377 482 3428 Carta-³2
493 3379 556 3427 Vet.
563 3394 590 3441 p.
599 3383 685 3427 sortem
692 3395 702 3436 ‚·
718 3379 1117 3436 Rnem.1.n.s.etflar1.saae;
1132 3380 1217 3428 Bitur.
1229 3384 1251 3428 1.
1256 3380 1313 3438 sore
1319 3396 1330 3437 ‚·
1348 3381 1421 3432 Leia.

330 3445 355 3490 ὅ.
366 3440 473 3498 sortem,⁸
490 3442 563 3491 Leid.
575 3447 599 3490 7.
613 3443 705 3503 copes,
717 3443 814 3506 Uitraj.
825 3447 850 3491 2.
869 3444 933 3493 Toil.
944 3451 972 3491 et
983 3444 1054 3504 Mog.
1071 3449 1133 3492 recte
1140 3457 1151 3501 ,·
1167 3442 1240 3492 Laid.
1251 3447 1276 3492 3.
1286 3443 1365 3507 sorte,
1381 3445 1421 3493 vei

330 3509 419 3554 marm
425 3521 436 3565 ,·
454 3505 548 3566 Uitraj.
559 3509 582 3556 1.
593 3510 698 3555 reatem:
716 3506 784 3555 nnde
796 3507 935 3557 Torrenius
947 3507 1053 3570 conjicit
1062 3511 1125 3556 recte
1135 3511 1232 3570 sortem,
1248 3513 1277 3556 ut
1286 3513 1350 3557 recte
1361 3523 1420 3558 curn

816 3634 925 3686 NOTAE

361 3730 377 3760 ⁴
387 3729 438 3782 An.
446 3731 485 3780 Μ.
493 3733 566 3781 3913.
578 3719 627 3779 '01.
639 3733 694 3779 161.
707 3733 730 3780 1.
746 3731 813 3780 Urb.
822 3732 851 3782 C.
891 3735 1036 3782 Damnatus
1047 3738 1096 3793 est,
1107 3731 1184 3796 quod,
1193 3731 1234 3780 vei
1242 3731 1370 3780 Triumvir
1380 3729 1417 3780 di·

327 3809 384 3854 611.
401 3805 464 3857 Ant.
475 3807 520 3855 Ch.
531 3809 586 3855 135.
892 3807 1004 3858 videndo
1015 3823 1078 3871 agro
1089 3807 1241 3858 seditionem
1249 3807 1421 3869 excitaverat,

357 3882 409 3931 ”Ia
420 3882 491 3931 etiam
499 3879 591 3943 Crassi]
607 3882 648 3930 Ex
660 3881 851 3946 gentenobiiis·
892 3884 933 3932 vei
945 3889 1036 3932 contra
1051 3883 1169 3932 Cimbros
1186 3895 1240 3930 rem
1255 3881 1318 3930 maie
1327 3893 1418 3941 gesse·

324 3955 387 4004 sima
397 3957 550 4006 Liciniornrn
561 3955 619 4020 fuit,
628 3957 667 4007 Μ.
679 3956 783 4008 Antonii
799 3959 851 4008 elo·
892 3965 949 4019 rat;
968 3963 1051 4008 morte
1064 3958 1208 4008 voluntaria
1217 3972 1244 4006 se
1254 3955 1419 4006 nseveritate

325 4031 437 4088 quentiae
448 4032 528 4094 gloria
538 4034 642 4080 aemnlus
654 4049 660 4080 ι
678 4031 769 4098 dequo
781 4033 850 4082 etde
888 4034 1002 4098 judicum
1016 4035 1165 4095 vindicavit,
1177 4048 1210 4082 ex
1220 4033 1350 4084 Cicerone.

324 4099 446 4152 Carbonis
454 4107 619 4157 damnatione
628 4115 718 4172 postea
726 4109 850 4172 pluribus.
922 4118 933 4164 †
944 4109 995 4160 An.
1007 4111 1045 4157 M.
1057 4113 1130 4157 3959.
1148 4107 1191 4159 01.
1204 4113 1260 4160 171.
1270 4112 1295 4158 3.
1310 4107 1377 4159 Urb.
1386 4107 1419 4159 C.

356 4173 565 4241 ⁰Cviaspatrem]
594 4182 623 4232 C.
637 4183 772 4246 Papirium
787 4185 848 4233 Car·
888 4188 945 4235 ota.
961 4183 1132 4235 1311301194.

322 4250 415 4301 bonam
462 4251 600 4302 Oratorem
644 4257 847 4307 celeberrimum.
