3214 5170
308 445 377 514 tlt
602 453 756 507 vinoun
780 453 926 505 nixum
949 449 1021 503 eru.
1043 447 1114 502 ηιμ

356 603 411 668 lli.
432 597 538 681 Cujus
565 595 659 662 filie⁰
688 597 823 662 minime
846 597 1018 661 muliebris
1044 597 1164 662 animi:
1187 606 1302 682 quus35
1324 587 1400 664 curn

312 701 410 769 Bruti
423 699 484 764 viri
498 698 551 762 sni
566 698 757 775 consilium,
771 696 864 780 quod
887 696 929 760 du
952 696 1178 762 interficiendo
1193 697 1329 764 cesare
1344 710 1400 764 cu-‘

312 807 418 888 peret,
432 819 474 865 eu
487 805 594 877 nocte,
607 819 707 884 quum
718 798 791 862 dies
805 798 966 863 teterrimi
978 798 1062 862 fecti
1078 804 1216 863 secutus
1230 807 1295 878 est,
1320 819 1400 882 cog·

310 902 472 980 novisset,
496 919 629 983 egresso
655 898 845 964 cubiculum
874 899 990 980 Bruto,
1014 897 1187 962 cultellum
1214 900 1400 966 tonsorium

310 1002 410 1088 quusi
424 1002 582 1083 unguium
595 998 848 1063 resecandorum
863 1017 970 1062 causa
993 999 1160 1080 poposcit,
1180 1015 1286 1079 eoque
1308 1000 1401 1064 velut

309 1103 393 1168 sorte
408 1101 534 1184 elapso,
549 1119 585 1163 se
600 1099 794 1164 vulneravit
838 1096 994 1162 Clamore
1006 1097 1126 1162 deinde
1151 1097 1344 1161 ancillarum
1363 1099 1399 1164 io

310 1202 497 1271 cubiculum
518 1205 696 1266 revocatus
721 1199 857 1276 Brutus,
881 1198 1054 1282 objurgare
1074 1218 1146 1262 eum
1162 1201 1280 1280 coepit,
1307 1199 1399 1281 quod

308 1301 453 1369 umoris
462 1301 687 1385 praeripuisset
701 1300 857 1365 officium.
901 1300 966 1364 Cui
981 1307 1112 1366 secreto
1127 1299 1268 1366 Porcia:
1292 1303 1302 1335 ‘
1318 1299 1399 1364 Non

309 1402 380 1481 est,'
401 1402 521 1486 inquit,
543 1401 627 1468 ‘hoc
649 1403 856 1467 temerarium
881 1402 1002 1467 fuctum
1026 1399 1173 1479 meum,⁵⁶
1194 1400 1254 1464 sed
1277 1401 1313 1464 in
1338 1401 1400 1466 tuli

305 1511 399 1572 stetu
421 1511 535 1570 nostro
561 1503 685 1571 umoris
713 1504 780 1567 mei
809 1523 887 1586 erge
915 1510 948 1570 te
978 1503 1199 1569 certissimum
1229 1502 1398 1566 iodicium.

310 1605 465 1690 Experiri
479 1606 566 1670 onim
580 1605 682 1682 volui,
712 1603 742 1668 si
766 1604 828 1668 tibi
852 1604 1064 1688 propositum
1089 1623 1135 1668 ex
1157 1604 1318 1668 sententie
1338 1621 1400 1687 pa·

309 1723 383 1772 rum
396 1708 563 1783 cessisset,
586 1726 687 1789 quum
702 1722 800 1788 aequo
817 1707 930 1774 animo
945 1725 999 1770 me
1013 1705 1103 1770 serre
1122 1723 1233 1769 essem
1247 1705 1399 1770 interem-

310 1805 428 1874 turu’r

352 1909 405 1973 16.
427 1907 571 1974 Felicior
583 1909 739 1994 progenie
753 1928 817 1978 suu
832 1908 984 1992 superior
1007 1907 1107 1987 cato,
1131 1927 1151 1972 e
1174 1927 1242 1992 quo
1269 1897 1407 1972 Porcise'-

308 2011 445 2078 lemiliae
460 2012 828 2096 principiumuournnt!
871 2009 941 2090 Qui
965 2029 1040 2075 cum
1064 2012 1107 2075 ub
1132 2011 1227 2075 hoste
1252 2011 1286 2074 in
1306 2005 1402 2074 scie?

307 2113 494 2180 vehementi
505 2119 532 2162 ⁵⁷
566 2115 713 2196 periculo
738 2119 912 2196 peteretur,
938 2112 1094 2195 vaginu⁵⁸
1132 2112 1288 2195 gladiusq
1324 2109 1398 2194 ejus

308 2214 440 2298 elapsus
464 2212 602 2278 decidit.
644 2212 754 2293 Quem
779 2213 964 2295 subjectum
994 2213 1212 2294 proeliantium
1237 2213 1347 2296 globo,
1369 2218 1401 2278 et

309 2312 458 2396 undique
473 2313 648 2378 hostilibus
663 2313 807 2394 pedibus
823 2310 1076 2387 circumdatum,
1089 2317 1267 2393 postquam
1283 2313 1401 2376 abesse

310 2413 377 2484 sibi
391 2414 638 2487 animadvertit,
653 2412 736 2475 adeo
752 2410 921 2474 constanti
936 2411 1047 2473 animo
1071 2411 1106 2474 in
1131 2429 1225 2473 suem
1250 2417 1401 2494 potestu-

341 2618 352 2688 ζ
368 2610 430 2736 §m
441 2605 530 2669 Major,
545 2606 588 2670 qui
596 2605 705 2670 princepe
714 2605 766 2668 suit
777 2611 802 2656 et
812 2611 883 2670 ceput
891 2605 998 2676 fenilio
1009 2605 1113 2668 Porcia,
1126 2603 1220 2668 felicior
1232 2605 1286 2668 suit
1295 2605 1322 2656 in
1334 2607 1399 2678 filio,

307 2688 360 2738 quo,
388 2687 410 2722 e.

762 2763 909 2790 eeeeeee
911 2765 941 2786 n

306 2865 366 2912 um.
393 2857 499 2910 Deinde
511 2857 583 2912 Leid.
597 2862 821 2911 l.emusuuit.-55
839 2861 898 2911 Vox
908 2877 960 2926 quoe
970 2859 1108 2911 Perizuuiu
1119 2867 1238 2925 suspecte
1250 2867 1301 2912 est.
1333 2853 1397 2920 Mox

307 2924 1401 3052 summittat-ettiassuescet}ittet·

308 3056 374 3105 -tt
397 3052 474 3103 Heri.
496 3053 567 3102 delet
587 3067 671 3102 neum.
703 3005 869 3117 Pedo'pmt
888 3025 1033 3117 prbpdsitun
1056 3054 1129 3102 deest
1147 3051 1173 3102 lo
1197 3025 1290 3118 Ulissi.
1313 3057 1402 3103 1.-57

307 3117 421 3172 ‘Nullus
433 3116 490 3166 cod.
501 3117 645 3175 schemati·
662 3132 749 3167 omnes
766 3119 929 3178 uehementem
945 3125 973 3170 et
991 3118 1032 3166 vel
1049 3119 1156 3180 poculo,
1172 3119 1292 3181 purvulos,
1310 3119 1397 3180 pereto.

308 3180 369 3230 Vet.
382 3187 440 3231 cum
452 3181 523 3244 Meg.
538 3181 683 3230 uehementer
692 3183 798 3244 porculo.
830 3180 873 3231 Au
891 3195 960 3231 orum
978 3181 1038 3230 iibri
1051 3181 1185 3230 Danielis:
1202 3181 1331 3232 vehementi
1347 3187 1399 3230 tm-

307 3246 365 3306 eulo
374 3261 384 3302 ,-
401 3244 470 3294 unde
481 3245 588 3296 colurus
599 3246 703 3309 conjicit
714 3247 844 3295 vehementi
860 3246 920 3308 ictu,
936 3244 1003 3310 quod
1024 3245 1160 3294 verisimile
1181 3246 1225 3308 uit,
1241 3259 1274 3294 ex
1295 3261 1326 3309 eo
1343 3245 1399 3295 ictu

308 3307 421 3368 gladium
435 3307 526 3372 vegius
537 3309 652 3371 elapsum
664 3323 729 3359 esse.
762 3308 880 3359 vorstius
892 3309 965 3371 legit,
979 3309 1124 3358 uehementer
1138 3310 1237 3372 percito,
1255 3324 1291 3358 sc.
1308 3309 1401 3360 hostes

309 3371 469 3431 Perizonius,
485 3373 631 3428 uehementer
639 3373 754 3436 porticulo,
771 3379 800 3423 ut
811 3374 891 3434 magis
901 3386 1040 3424 concussus
1052 3371 1132 3422 luerit
1149 3388 1224 3437 qinom
1243 3374 1399 3439 vulneratus,

310 3444 429 3500 quercet
439 3435 539 3484 facilius
551 3427 651 3499 glerirm
662 3436 782 3487 excidere
795 3437 895 3550 potuit.
927 3437 1053 3485 Torrenio
1073 3439 1175 3486 videtur
1190 3437 1280 3500 perulo,
1294 3437 1401 3500 porceb,

310 3502 435 3564 uproelio
446 3505 530 3549 crtum
541 3514 607 3558 esse,
623 3515 679 3563 quur
692 3500 777 3563 glossa
808 3501 875 3550 uerit
892 3501 936 3549 τοῦ
952 3501 1011 3561 utic,
1027 3505 1054 3549 et
1076 3500 1135 3550 ideo
1155 3501 1181 3549 in
1199 3500 1271 3550 Leid.
1282 3503 1307 3549 d.
1325 3507 1400 3550 recte

310 3565 447 3614 omittitur.
481 3563 546 3612 Mihi
569 3577 656 3626 purum
678 3564 771 3628 liquet,
793 3565 926 3628 vulgatum
940 3572 1034 3620 ,tumen
1057 3566 1206 3628 conpiano
1226 3565 1354 3625 damnem,
1376 3563 1402 3616 si

309 3630 390 3696 majus
401 3629 531 3677 ulcusnon
543 3626 641 3677 neret?
658 3627 803 3692 liupp-us
819 3627 863 3678 Itu
874 3642 961 3678 omues
972 3627 1048 3680 codd.
1064 3635 1094 3678 et
1112 3629 1172 3679 edd.
1189 3636 1252 3680 oute
1268 3629 1399 3694 Pigbium,

801 3767 908 3822 NOTAE

342 3889 354 3915 ⁰
371 3879 517 3946 cujufiiio]
534 3879 637 3940 Porcio,
653 3895 712 3944 quos
725 3881 836 3947 bisnup·
876 3887 974 3937 Persen
985 3887 1058 3936 vicit.

311 3956 359 4018 eit3
376 3957 456 4006 semel
468 3956 572 4019 Bibulo,
586 3970 620 4006 ex
636 3971 686 4021 quo
701 3955 766 4007 duos
782 3973 837 4009 suu·
906 3971 919 4005 u
939 3963 1032 4026 Vagitus
1051 3960 1159 4025 giudice]
1176 3960 1236 4009 Nou
1256 3971 1272 4008 e
1296 3957 1399 4022 tumne,

310 4032 379 4092 cepit
391 4031 496 4093 liberos,
511 4032 605 4081 iterum
617 4031 655 4083 Μ.
663 4032 754 4082 Bruto.
874 4037 919 4086 sed
930 4052 945 4085 e
956 4052 1032 4086 msnu
1044 4037 1144 4099 gladius
1157 4033 1264 4096 decidit,
1276 4033 1336 4082 dom
1347 4032 1404 4082 fors

339 4105 423 4159 idn.
433 4109 470 4157 Μ.
480 4112 555 4158 4010.
583 4105 626 4158 01.
643 4113 699 4160 lut.
719 4114 742 4160 1.
770 4109 840 4162 θῶ.
875 4111 937 4164 liter
956 4112 1071 4171 dimicet,
1088 4109 1400 4162 utusrrentetJustinue

311 4179 410 4230 edos.
438 4179 608 4233 lintellis.
874 4180 920 4234 lib.
932 4195 1037 4234 xxxin.
1048 4191 1075 4234 et
1086 4183 1250 4232 Plutarchus.

340 4257 355 4298 Ρ
380 4251 411 4302 ln
431 4252 494 4315 ucis]
519 4257 577 4307 Qus
597 4257 696 4306 Penius
717 4257 832 4310 AEmilius
