3386 5262
586 946 795 1000 DOCTORUM
812 943 1049 1000 QUORUNDAM
1066 942 1245 1006 VIRORUM,

580 1135 658 1186 TUM
682 1135 855 1186 VETERUM
879 1134 960 1184 TUM
984 1131 1258 1196 RECENTIORUM,

640 1368 706 1432 DE
739 1365 955 1432 VALERIO
993 1362 1200 1430 MAXIMO

489 1621 872 1700 TESTIMONIA
912 1621 1033 1698 AUT
1071 1617 1339 1696 JUDlClA·

767 1911 1072 1926 -ι-ι--ιι-ι-ι--ψ

678 2173 812 2239 Plinius
827 2173 902 2238 Lib.
918 2189 942 2237 1.
957 2173 1040 2238 Nat.
1056 2171 1151 2236 Hist.
1193 2194 1196 2206 ·

369 2305 502 2394 Lrnno
520 2347 585 2396 vtt.
601 2331 812 2394 continentur
827 2331 970 2408 gentium
984 2328 1154 2389 mirabiles
1167 2326 1293 2406 figurat,
1303 2331 1362 2391 &o
1406 2323 1462 2394 Ex

369 2428 566 2492 auctoribus
588 2425 706 2490 Verrio
737 2428 875 2502 Flacco,
907 2425 968 2488 Gn.
989 2424 1114 2501 Gellio,
1142 2425 1275 2489 Licinio
1300 2426 1461 2502 Mutiano,

369 2528 492 2606 Mulio,
509 2527 689 2602 Massurio,
703 2525 891 2608 Agrippina
907 2525 1054 2601 Claudii,
1080 2523 1129 2588 M.
1145 2524 1317 2603 Cicerone,
1340 2523 1461 2592 Asinio

367 2627 533 2726 Pollione,
560 2621 724 2705 Messala,
748 2623 850 2704 Rufo,
878 2624 978 2690 Corn.
1000 2624 1148 2710 Nepote,
1169 2623 1322 2707 Virgilio,
1351 2625 1462 2707 Livio,

368 2726 492 2803 Cordo,
517 2725 673 2804 Melisso,
697 2725 838 2804 Seboso,
862 2725 961 2795 Corn.
985 2724 1098 2805 Celso,
1124 2725 1278 2794 Maximo
1309 2727 1460 2806 Valerio,

367 2829 426 2890 &a

716 2991 920 3060 Plutarchus
936 2989 1108 3059 Marcello.

410 3145 559 3212 Annibal
573 3157 683 3214 cetera
697 3150 780 3217 nihil
795 3171 914 3216 curans
927 3172 1005 3217 cum
1021 3152 1219 3219 Marcellum
1230 3155 1394 3218 cecidisse
1409 3155 1459 3218 in·

367 3248 537 3330 telligcret,
560 3250 635 3332 ipse
662 3250 839 3315 confestim
864 3252 909 3314 ad
937 3253 1051 3314 locum
1079 3253 1236 3326 cucurrit,
1264 3257 1298 3314 et
1325 3260 1457 3316 mortuo

367 3357 480 3414 astans
495 3350 554 3416 diu
565 3351 667 3414 robur
681 3350 835 3432 corporis
850 3357 885 3413 et
898 3350 1050 3432 speciem
1065 3349 1298 3413 consideravit.
1334 3349 1457 3436 Neque

275 3475 278 3480 ·
365 3470 482 3516 vocem
497 3452 589 3516 misit
603 3450 872 3531 arrogantiorem,
887 3467 995 3532 neque
1006 3449 1102 3512 vultu
1116 3448 1282 3526 laetitiam,
1291 3457 1330 3514 ut
1343 3451 1457 3518 forsan

367 3551 453 3616 alius
469 3552 539 3615 acri
552 3570 593 3619 ac
609 3551 702 3634 gravi
715 3549 813 3614 hoste
828 3550 963 3614 sublato
977 3549 1129 3626 fecisset,
1153 3568 1224 3632 praa
1240 3569 1277 3616 se
1293 3553 1383 3631 tulit,
1398 3553 1457 3617 sed

368 3650 413 3714 ad
427 3652 631 3735 insperatam
652 3657 789 3715 mortem
811 3652 1055 3734 obstupescens
1078 3652 1233 3715 annulum
1255 3653 1388 3736 quidem
1402 3653 1458 3717 do-

368 3753 482 3817 traxit.
528 3753 565 3815 Τὸ
587 3754 615 3816 δὲ
637 3758 726 3834 σῶμα
747 3751 897 3835 κοσμήσας
923 3749 1051 3839 πρίποιπι
1075 3751 1185 3840 κόσμῳ,
1210 3753 1259 3816 καὶ
1280 3751 1458 3838 περιστείλας

369 3851 484 3933 ἓνπίμως
497 3851 610 3919 ἔκαυσε.
627 3853 675 3917 καὶ
690 3855 728 3916 τὰ
741 3851 866 3929 λείψανα
879 3855 981 3929 συνθεὶς
994 3857 1031 3927 εἰς
1046 3851 1156 3932 κάλπηι
1169 3858 1307 3940 imptis,
1321 3857 1370 3919 nal
1382 3879 1458 3942 χρυ-

369 3957 434 4014 coir
449 3955 583 4034 ἕμβιιλιδι
597 3953 746 4032 στέφανοι,
764 3952 914 4018 ἀπέστειλε
927 3955 992 4041 πρὸς
1003 3954 1051 4017 τὸν
1065 3953 1131 4020 vlo'r.
1178 3963 1275 4021 Τιιῡπιι
1297 3959 1349 4039 μὲι
1368 3954 1413 4022 οὖν
1432 3964 1457 4024 ol

368 4053 429 4139 angl
446 4054 593 4140 Κορνήλιον
605 4056 729 4122 Νέπωτα
743 4057 792 4121 καὶ
809 4057 958 4144 Οὐαλέριον
973 4055 1105 4141 Μάξιμοι
1120 4056 1294 4142 inopinam.
1340 4057 1458 4147 Corpus

368 4174 440 4218 vero
449 4153 588 4218 decenter
602 4168 746 4223 ornatum
760 4180 796 4223 cc
810 4157 975 4242 honorffice
989 4156 1108 4224 cultum
1121 4159 1286 4224 cremarit.-
1314 4159 1457 4250 reliquiar
