3386 5262
347 441 390 504 10
787 447 994 498 mmm.

346 601 466 676 lectos,
486 604 524 662 ut
538 596 570 660 si
584 613 651 658 non
666 591 770 657 Notis
783 593 876 669 meis,
890 596 1000 654 tamen
1014 590 1189 656 indicibus
1214 598 1353 674 gratiam
1366 596 1434 660 lec·

346 709 453 769 torum
476 699 603 762 inirem.
646 695 702 759 An
726 686 930 759 consecutus
953 696 1028 771 sim,
1050 713 1127 777 quae
1146 696 1253 772 volui,
1270 697 1435 780 judicium

346 805 390 869 sit
402 819 505 884 penes
519 799 684 863 eruditum
706 797 871 874 lectorem,
894 795 994 878 cujus
1019 798 1169 879 aequitati
1192 803 1226 860 et
1237 797 1435 862 humanitati

345 922 398 966 me
412 917 590 982 meumque
604 899 647 961 de
660 897 799 961 Valerio
814 897 1053 962 benemerendi
1066 898 1212 961 studium
1226 900 1434 979 commendo,

343 1003 451 1069 libere
461 1001 634 1084 professus
644 999 727 1062 mihi
742 998 825 1061 nibil
847 999 973 1080 gratirm
996 997 1079 1075 lore,
1102 1001 1261 1080 quamsi,
1276 999 1334 1062 nbi
1348 1019 1435 1062 erra·

344 1123 437 1182 vero,
458 1102 549 1188 quod
569 1103 709 1166 sortasse
732 1100 939 1183 saepiuscule
963 1101 1174 1176 factumest,
1196 1101 1334 1165 meliora
1356 1100 1435 1164 edo·

344 1225 432 1270 coar.

387 1307 589 1372 Kummerus
605 1326 684 1372 vero
705 1326 812 1384 meus,
838 1308 890 1370 vir
913 1307 1181 1383 honestissimus,
1205 1314 1239 1372 et
1264 1307 1305 1371 de
1329 1306 1435 1370 literis

344 1411 430 1474 bene
459 1410 607 1474 merendi
635 1409 912 1487 studiosissimus,
950 1415 1038 1473 certe
1066 1410 1202 1473 emtoris
1230 1408 1435 1493 applausum

342 1512 438 1588 seret,
454 1519 575 1576 comet
585 1512 719 1576 mundae
735 1513 858 1577 chartae
873 1519 906 1576 et
919 1513 1096 1576 nitidornm
1107 1519 1263 1595 typorum
1272 1519 1308 1575 et
1321 1519 1435 1576 textus

345 1613 512 1676 emendati
534 1614 697 1676 rationem
722 1613 854 1690 babuit,
878 1618 980 1700 atque
997 1614 1169 1677 modicum
1193 1613 1269 1676 libri
1289 1613 1436 1697 pretium

343 1716 484 1793 statuit3
507 1734 607 1778 secus
629 1733 670 1778 ao
692 1716 788 1779 multi
810 1715 939 1780 faciunt
962 1715 1173 1798 bibliopolae,
1197 1734 1335 1798 qnorum
1359 1715 1436 1776 libri

344 1815 395 1878 vel
416 1816 552 1879 immani
565 1817 672 1898 pretio
685 1816 820 1881 venales
839 1822 1002 1899 prostant,
1024 1816 1080 1880 vel
1093 1816 1207 1880 charta
1220 1815 1305 1878 adeo
1317 1813 1437 1896 putida

343 1915 505 1998 descripti
528 1923 620 1995 sunt,
642 1923 681 1980 ut
704 1936 726 1980 a
742 1919 936 1982 tractatione
950 1918 1084 1982 illorum
1101 1937 1240 2000 puerum
1254 1916 1378 1999 pelvim
1402 1920 1436 1977 et

244 2099 250 2109 Ι
342 2037 467 2102 aquam
479 2039 639 2083 manuum
654 2019 775 2083 lotioni
790 2038 928 2102 poscas,
951 2021 1005 2083 vel
1019 2020 1110 2102 typis
1123 2020 1243 2083 excusi
1258 2025 1336 2081 sunt
1350 2015 1435 2080 adeo

343 2121 475 2184 obtusis
490 2141 532 2185 ac
555 2122 701 2198 detritis,
724 2141 765 2186 ac
780 2123 810 2186 si
825 2142 887 2205 per
900 2123 1062 2186 saeculum
1076 2121 1111 2182 in
1125 2121 1223 2184 trivio
1240 2120 1436 2204 jacuissent,

342 2227 399 2285 aut
415 2221 611 2286 Hunnorum
624 2224 680 2287 vel
696 2223 906 2304 Mogolornm
921 2224 1091 2286 exercitus
1103 2223 1393 2301 superequitasset.

384 2321 501 2387 Finem
515 2325 615 2406 hans
627 2324 846 2386 Praefationis
861 2341 947 2382 nunc
963 2321 1071 2382 faeere
1081 2339 1229 2399 possem,
1243 2321 1308 2382 nisi
1324 2322 1434 2385 adhuc

341 2424 540 2484 monendum
565 2427 663 2496 esset,
686 2419 812 2482 multos
835 2421 925 2481 viros
951 2418 1082 2492 doctos,
1103 2438 1229 2500 eosque
1244 2439 1313 2483 nou
1332 2422 1435 2486 infimi

342 2520 505 2596 subsellii,
520 2521 610 2583 inea
625 2538 699 2582 esse
712 2519 879 2599 opinione,
901 2536 941 2580 ac
954 2519 986 2581 si
999 2517 1167 2596 Valerius,
1194 2523 1329 2603 qualem
1348 2537 1435 2588 nunc

339 2628 511 2700 babemus,
530 2622 687 2706 Epitome
702 2619 931 2685 tantummodo
945 2626 1036 2685 esset
1060 2622 1171 2703 operis
1185 2623 1332 2707 majoris,
1353 2632 1435 2690 tem·

340 2727 435 2809 poris
454 2725 572 2807 injuria
601 2723 777 2806 deperditi.
823 2721 927 2799 Quod
953 2722 1036 2785 mihi
1060 2742 1230 2804 nunquam
1254 2728 1435 2808 persuade-

339 2828 432 2889 bunt.
477 2826 632 2909 Namque
647 2824 894 2908 Epitomatores
906 2831 1052 2888 veterum
1067 2825 1267 2907 scriptorum
1278 2829 1435 2896 adunam

340 2946 465 3005 omnes,
475 2927 603 3003 humili,
618 2927 766 3009 simplici
781 2934 817 2992 et
830 2935 950 3010 aperto
967 2929 1019 2991 usi
1033 2934 1112 2990 sunt
1127 2928 1227 3011 stylo,
1240 2948 1307 2992 non
1322 2939 1433 3010 acuto,

339 3030 466 3106 fucato,
490 3036 526 3093 et
551 3029 803 3109 declamatorio,
826 3031 928 3094 sicuti
950 3052 982 3095 v.
1002 3050 1032 3094 c.
1055 3051 1101 3094 ex
1122 3030 1237 3112 Trogi,
1253 3040 1311 3096 aut
1335 3033 1434 3113 bivii,

340 3131 545 3214 aliorumque
570 3131 736 3216 Epitomis
765 3139 909 3208 constat,
939 3141 977 3196 nt
1006 3134 1156 3195 omittam
1186 3135 1434 3200 Breviariorum

340 3234 532 3316 scriptores,
555 3234 693 3296 Sextum
717 3234 857 3307 Rufum,
879 3234 1086 3312 Eutropium,
1109 3232 1310 3312 Ampelium,
1326 3234 1434 3298 Aure-

339 3334 421 3397 lium
433 3331 612 3407 Victorem,
628 3331 888 3414 Obsequentem,
901 3331 998 3394 alios.
1044 3332 1174 3394 Deinde
1191 3337 1308 3395 auctor
1321 3333 1434 3398 multis

339 3435 375 3498 in
388 3435 473 3499 locis
496 3434 582 3498 adeo
597 3432 735 3496 Tiberio
757 3432 919 3505 adulatur,
941 3438 981 3494 ut
994 3431 1092 3514 plane
1107 3430 1198 3492 nulla
1218 3432 1301 3494 ratio
1315 3432 1434 3498 idonea

339 3535 524 3616 excogitari
535 3536 656 3616 possit,
672 3552 731 3596 cur
741 3534 789 3594 ita
804 3531 1011 3613 impudenter
1022 3531 1192 3594 Tiberium
1202 3532 1363 3610 laudaret,
1376 3532 1434 3600 ant

339 3641 460 3699 auctor
473 3633 647 3716 Epitomes
671 3634 785 3696 omnia
807 3633 864 3696 illa
885 3633 961 3696 loca
982 3633 1110 3696 intacta
1132 3633 1344 3718 relinqueret,
1367 3638 1433 3700 nisi

338 3736 518 3819 superstite
543 3734 652 3797 adhuc
669 3735 821 3810 Tiberio,
847 3751 887 3797 11.
912 3735 944 3798 9.
961 3735 992 3798 6.
1018 3742 1098 3818 post
1122 3735 1237 3818 Sejani
1266 3738 1432 3802 detectam

339 3836 612 3918 conjurationem,
643 3850 699 3898 tx.
714 3836 766 3897 ll.
794 3835 870 3899 Ext.
884 3839 916 3901 4.
945 3838 1077 3900 vixerit.
1122 3838 1230 3902 Moris
1251 3842 1339 3903 enim
1362 3849 1434 3902 erat

287 3993 292 3998 .
339 3934 469 4000 Tiberii
495 3935 711 4020 temporibus,
740 3937 869 4002 adulari
890 3939 1055 4022 priucipi3
1078 3941 1166 4023 quod
1181 3943 1296 4006 velex
1312 3941 1433 4005 Velleii

336 4032 509 4099 Paterculi
531 4032 678 4098 lectione
701 4046 852 4119 apparet,
877 4059 974 4123 quem
995 4047 1102 4104 tamen
1125 4061 1220 4104 nemo
1235 4041 1431 4108 Criticorum

337 4132 563 4198 abbreviatum
579 4130 691 4200 dicere
704 4139 804 4202 ausit.
849 4141 936 4205 Etsi
951 4143 1005 4206 vel
1018 4142 1133 4208 Julius
1146 4143 1244 4205 Paris
1256 4145 1310 4207 vel
1325 4144 1349 4210 J
1350 4163 1430 4210 anu-

335 4233 425 4301 arius
448 4228 664 4308 Nepotianus
680 4246 795 4304 auctor
811 4246 863 4306 est
878 4243 988 4326 operis
1002 4242 1179 4308 Valeriani
1193 4242 1357 4324 hodierni,
1371 4266 1430 4312 cnr
