3210 5158
290 471 443 518 cAP.111.
469 468 517 516 nn
541 469 795 520 sustinentis
821 471 865 521 ΕΤ
888 473 1161 529 CONTINENTIA.
1205 465 1270 529 453

183 613 217 675 in
232 610 306 677 sinu
320 632 381 677 suo
395 611 597 691 moratam,⁶4
617 615 742 682 irritam
766 621 932 702 propositi
946 622 1083 686 dimisit.
1128 623 1268 690 Factum

183 715 351 797 sapientia
362 716 478 779 imbuti
491 717 591 779 animi
608 718 799 799 abstinens;
822 722 881 784 sed
905 725 1120 789 meretriculae
1136 744 1269 809 qnoque

182 814 309 880 dictum
331 836 488 900 perquam
511 819 665 883 facetum.
710 821 943 888 Deridentibus
966 828 1050 888 enim
1079 845 1117 890 se
1140 827 1269 891 adoles-

183 917 345 996 centibus,
362 921 444 1002 quia
467 926 535 984 tam
559 922 716 999 formosa,
733 932 867 1007 tamque
893 925 1027 1006 elegans
1050 926 1157 1009 poti⁶⁵
1179 929 1269 991 senis

184 1019 328 1084 animum
342 1021 511 1085 illecebris
526 1023 683 1106 pellicere
698 1045 763 1089 non
788 1027 963 1107 potuisset,
986 1036 1185 1111 pactumque
1198 1029 1270 1093 vic·

181 1120 273 1184 toriae
289 1122 464 1204 pretium⁶⁶
485 1123 723 1207 flagitantibus,
746 1125 805 1190 ‘de
820 1127 950 1190 homine
976 1147 1012 1190 se
1039 1147 1113 1192 cum
1134 1129 1189 1205 iis,
1202 1147 1270 1192 non

182 1219 224 1283 de
239 1227 362 1300 statua,
378 1226 497 1307 pignus
513 1227 692 1309 posuisse,’
704 1228 884 1309 respondit.
929 1228 1091 1292 Potestne
1106 1229 1178 1293 haec
1192 1229 1268 1293 Xe·
1309 1219 1312 1224 ’

180 1325 329 1387 nocratis
345 1330 545 1390 continentia
561 1348 581 1390 a
595 1348 765 1411 quoquam
779 1329 886 1409 magis
901 1347 991 1405 vere,
1008 1332 1181 1413 magisque
1193 1349 1269 1413 pro-

181 1424 253 1505 prie
268 1425 496 1502 demonstrari,
513 1447 614 1508 quam
635 1430 679 1491 ah
698 1431 774 1509 ipsa
787 1429 995 1491 meretricula
1017 1449 1178 1511 expressa
1194 1433 1269 1496 esti

182 1523 316 1608 Phryne
345 1528 590 1609 pulchritudine
613 1548 676 1592 sua
699 1529 789 1591 nulla
814 1547 858 1590 ex
886 1527 1012 1609 parte⁶⁷
1035 1533 1270 1596 constantissi-

181 1643 269 1690 mam
283 1628 356 1710 ejus
372 1630 607 1694 abstinentiam
622 1625 810 1694 labefecit*
853 1627 945 1705 Quid
968 1647 1029 1691 rex
1052 1627 1269 1698 Alexanderl

181 1724 257 1788 an⁶⁸
280 1726 407 1793 divitiis
421 1749 494 1794 eum
511 1738 647 1815 quatere
672 1731 804 1813 potuitl
827 1731 870 1792 ab
893 1729 951 1792 illo
966 1748 1099 1812 quoque
1115 1735 1269 1811 statuam,

181 1833 216 1890 et
230 1828 363 1910 quidem
378 1851 472 1913 aeque
486 1831 609 1897 frustra
622 1839 792 1909 tentatam,
816 1839 925 1915 putes.
970 1831 1118 1913 Legatos
1135 1832 1178 1895 ad
1193 1852 1270 1896 eum

181 1947 258 1992 eum
272 1931 399 2014 aliquot
423 1933 578 1998 talentis¹¹
600 1937 752 1998 miserat:
776 1953 862 2016 quos
882 1934 915 1995 iu
939 1929 1174 1998 Academiami
1195 1953 1269 2017 per-

181 2029 314 2109 ductos,
326 2034 427 2098 solito
443 2036 519 2113 sihi,
532 2035 567 2098 id
584 2041 645 2112 est,
661 2035 793 2098 modico
804 2031 832 2084 ⁶⁹
854 2038 1029 2116 apparatu,
1041 2039 1077 2095 et
1092 2033 1269 2099 admodum

180 2133 328 2212 parvulis
344 2137 457 2217 copiis
472 2136 618 2219 excepit.
663 2136 801 2200 Postero
817 2133 872 2198 die
888 2133 1176 2214 interrogantibus,
1198 2135 1269 2198 eui·

628 2295 806 2317 me

179 2391 280 2442 Deinde
292 2391 407 2444 Pithoeus
429 2411 475 2461 pro
494 2412 525 2446 aa
542 2396 717 2461 reponendum
736 2403 812 2458 prust
830 2395 930 2445 aie-04
947 2395 988 2443 lta
999 2395 1095 2445 Brund.
1107 2399 1130 2444 1.
1141 2399 1166 2445 3.
1181 2409 1269 2446 omnes

179 2457 285 2508 Torren.
307 2459 401 2524 aliique
420 2461 496 2512 codd.
516 2476 573 2510 curu
591 2463 651 2512 Vel.
671 2461 742 2523 lllog.
754 2462 860 2510 Venett.
880 2463 928 2509 &a
961 2460 1068 2522 Pighius
1086 2473 1146 2507 vero
1166 2473 1198 2507 ex
1218 2475 1268 2510 uno

180 2521 283 2570 Winclr.
303 2523 412 2573 dederat
429 2527 527 2586 morari,
544 2539 653 2589 eumque
672 2524 756 2574 secuti
774 2537 835 2573 sunt
855 2524 939 2575 Celer.
959 2524 1039 2586 Thys.
1061 2531 1089 2572 et
1109 2523 1268 2584 Delph-dd

179 2586 261 2634 ‘Cori
273 2587 393 2636 Sambuei
402 2591 474 2651 pesti,
489 2588 558 2637 unde
572 2591 678 2638 Colerus
690 2588 754 2637 male
764 2589 870 2651 conjicit
880 2589 977 2651 depasti.
1002 2589 1069 2636 Ven.
1086 2587 1171 2650 peleti.
1205 2587 1269 2636 Mox

181 2661 228 2710 pro
238 2651 353 2711 pellicere,
371 2653 474 2712 quidam
485 2654 549 2700 Mss.
558 2653 659 2714 polluere
669 2651 785 2701 frustm
803 2654 882 2714 Kupp.
916 2653 988 2702 Leid.
999 2655 1024 2701 l.
1034 2653 1120 2714 peleti,
1137 2658 1165 2699 et
1183 2648 1215 2698 ab
1235 2652 1269 2704 el.

181 2727 215 2759 m.
227 2715 285 2774 poti.
310 2714 381 2762 Leid.
394 2719 416 2763 l.
435 2722 462 2764 et
481 2714 579 2764 Medic.
601 2721 623 2764 l.
635 2716 733 2778 flectere
753 2731 798 2778 pro
814 2717 936 2779 pellicere:
954 2717 1049 2777 Coprs.
1068 2721 1161 2777 temque
1177 2716 1270 2774 elegeris

177 2776 256 2836 pellere
265 2777 329 2825 senis
337 2779 513 2827 enimam-tid
528 2778 627 2828 Gudius
637 2779 669 2827 ed
679 2781 784 2829 Phaedr.
795 2782 814 2828 i.
823 2785 846 2828 3.
856 2781 920 2828 citat
929 2779 1035 2827 victoria
1044 2779 1181 2840 mentium:
1197 2777 1270 2827 Leid.

182 2841 205 2886 1.
215 2840 317 2900 prelium
327 2842 505 2903 reposcentibus.
541 2843 603 2891 Mos
615 2842 687 2891 Leid.
700 2847 723 2892 1.
735 2847 758 2890 3.
768 2858 815 2890 non
826 2845 854 2891 de
864 2848 944 2890 aulas
954 2845 994 2890 scd
1009 2845 1038 2890 de
1053 2841 1144 2890 homine
1162 2856 1214 2890 eam
1231 2843 1269 2892 his

178 2901 280 2963 aornim
296 2904 384 2965 pignus
401 2908 592 2968 respondit—67
611 2907 684 2954 Unus
696 2906 791 2954 Brund.
812 2916 839 2953 et
850 2907 911 2954 Vet.
930 2906 1018 2953 nullum
1036 2906 1061 2952 irs
1078 2909 1186 2966 purtem
1203 2907 1270 2955 alter

180 2980 237 3015 curn
247 2966 364 3018 undecim
373 2970 561 3020 codd'l'orreu.
571 2977 598 3019 et
606 2970 679 3031 Meg.
689 2970 753 3016 nulla
763 2973 847 3029 parter
863 2969 943 3016 Basil.
954 2970 1040 3016 uallum
1049 2973 1141 3030 partem
1148 2985 1158 3024 ,·
1174 2969 1270 3033 Ultraj.

180 3033 204 3078 1.
216 3032 279 3080 nullu
289 3032 315 3079 in
324 3039 399 3093 purte.
433 3034 485 3082 Pro
496 3034 671 3092 abstinentium,
681 3034 748 3095 quod
761 3033 882 3080 exhibent
892 3047 978 3080 omnes
991 3031 1067 3082 codd.
1077 3032 1184 3080 Torreu.
1195 3032 1269 3095 Pigh.

179 3099 206 3142 et
225 3103 335 3158 uterque
354 3098 451 3146 Brund.
469 3098 636 3146 continentiam
655 3097 762 3145 dederat
775 3095 864 3144 Aldus.
898 3097 961 3143 Turn
983 3096 1052 3158 Meg.
1074 3100 1102 3143 et
1121 3094 1227 3143 Mediol.
1245 3099 1269 3146 3.

180 3157 404 3217 labefactavit—68
422 3163 451 3210 ln
463 3162 552 3210 decent
564 3159 639 3210 codd.
651 3169 678 3209 et
689 3162 748 3210 edd.
760 3167 824 3208 vett.
837 3160 911 3207 deest
921 3175 961 3221 urs,
979 3160 1023 3206 sed
1043 3158 1068 3207 id
1088 3157 1184 3207 habent
1195 3159 1268 3210 Leid.

180 3226 205 3268 ⁵.
226 3223 254 3271 e't
270 3223 365 3286 Copes.
384 3239 436 3273 eum
454 3225 524 3274 delet
543 3226 605 3275 Vet.
640 3226 705 3280 Quid
722 3223 783 3273 enim
798 3238 843 3271 rex
861 3224 943 3271 codex
963 3222 1109 3282 Perizonii3
1127 3219 1210 3278 autc?
1225 3237 1269 3272 rex

180 3286 316 3335 Alexander
325 3303 357 3336 aa
368 3289 439 3352 Meg.
472 3291 534 3338 Mox
546 3304 592 3352 pro
604 3294 627 3337 el
646 3291 737 3351 quidem
756 3289 828 3346 nurlti
847 3288 953 3336 Torren.
974 3287 1071 3335 hahent
1090 3287 1269 3348 equidem-69

181 3347 264 3399 Bitnr.
278 3355 301 3401 1.
312 3351 384 3403 delet
394 3353 463 3404 idest
474 3353 570 3403 modico.
603 3354 704 3403 Gudius
725 3353 862 3415 ascripsit:
879 3352 1011 3415 ‘optimos
1028 3351 1138 3414 glossam
1156 3350 1268 3414 ineptam

671 3503 780 3555 NOTAE

211 3616 226 3646 ⁴
243 3616 293 3667 An.
305 3619 343 3668 Μ.
354 3624 427 3671 3713.
454 3622 498 3673 01.
515 3627 570 3673 111.
588 3627 612 3672 3.
640 3622 704 3674 Urb.
745 3621 1067 3683 aomanorum,exnesro.

181 3692 279 3742 (1.418.
305 3695 368 3746 Ant.
381 3697 428 3746 Ch.
440 3702 498 3747 334.
701 3715 706 3722 ·
775 3699 782 3732 ¹
797 3697 960 3760 Academiam]
977 3697 1059 3746 Locus
1073 3694 1123 3744 t'uit
1134 3692 1268 3742 arboribus

210 3766 223 3801 l
241 3770 357 3833 Talentis]
372 3773 507 3823 Talentum
517 3775 624 3838 duplex,
634 3775 704 3824 Atti·
744 3776 858 3826 consitos
877 3773 974 3822 distans
987 3771 1094 3821 Athenis
1112 3781 1200 3833 possus
1219 3769 1268 3817 cir·

179 3858 236 3893 cunr
249 3852 277 3894 et
289 3847 445 3897 Euboicum:
461 3848 581 3900 Atticum
592 3851 703 3915 duplicis
744 3852 811 3900 citer
822 3851 905 3898 mine:
923 3861 1013 3896 nornen
1034 3853 1062 3895 et
1083 3846 1140 3909 lpse
1158 3845 1269 3908 accepit,

180 3920 257 3970 etism
269 3922 382 3985 generis,
399 3937 518 3986 magnum
536 3934 564 3975 et
582 3941 704 3988 parvnm3
745 3927 785 3973 vel
798 3924 832 3972 ab
845 3923 976 3972 seuuemo
987 3921 1107 3986 quodam,
1124 3929 1152 3968 nt
1165 3920 1269 3982 Eupoli·

181 4006 300 4058 magnum
321 4000 361 4046 83.
386 3999 474 4060 libres,
491 4015 523 4048 er
546 3989 704 4064 Lirio,'eon·
744 4001 771 4049 di
784 4000 884 4062 placet3
905 3998 955 4058 rel,
966 3995 1072 4056 nteliis,
1090 3995 1214 4045 sCadnro
1226 3994 1267 4043 Li-

181 4067 287 4135 tinebet,
303 4074 351 4124 boe
362 4081 412 4138 est,
430 4089 475 4124 sex
493 4077 572 4126 millia
589 4091 702 4126 nummo·
744 4072 975 4126 hersiiumArtinnr
984 4072 1186 4122 institutoreret
1195 4071 1268 4122 dedit

182 4154 236 4189 rum
248 4145 429 4212 Romanorum,
441 4166 472 4201 ex
484 4151 631 4203 Priscisno:
645 4167 704 4217 par·
744 4149 875 4214 discipulis
893 4147 1019 4209 Platonis,
1037 4147 1081 4211 qul
1097 4147 1146 4198 hoc
1164 4146 1191 4195 in
1209 4147 1266 4196 loco

183 4230 241 4264 vunr
252 4219 328 4272 libres
339 4231 379 4276 on.
411 4229 553 4280 Euboicum
563 4243 624 4278 vero
635 4228 705 4280 Atti·
744 4240 836 4294 magns
855 4224 1000 4274 auditorum
1012 4221 1159 4288 frequentis
1170 4220 1267 4273 floruit.

182 4303 213 4339 ce
230 4294 312 4346 miuus
324 4307 433 4364 quatuor
448 4306 528 4357 millis
544 4317 702 4358 nummorum
749 4319 758 4332 ⁴
