3432 5236
391 431 455 500 132
701 447 857 494 varmum
882 445 1030 494 usxrur
1059 447 1130 492 nra.
1149 448 1173 493 1.

435 593 488 659 19.
511 590 584 656 Neo
607 591 718 652 minus
743 588 863 654 efficax
889 590 977 652 ultor
1004 593 1177 652 coutemtae
1200 589 1369 672 religionis
1398 590 1486 656 tilius

394 711 526 781 quoque
540 691 612 774 ejus
629 687 872 774 AEsoulapius,‘
892 690 950 772 qui
976 696 1206 753 consecratum
1224 693 1349 772 templo
1364 713 1427 758 suo
1440 693 1489 757 lu-

393 813 469 862 cum
485 812 507 856 a
521 791 697 856 Turullio⁸
717 791 882 875 praefecto
897 788 1064 864 Antonii,h
1077 790 1121 852 ad
1137 809 1239 854 naves
1255 792 1287 854 ei
1303 791 1489 870 faciendas,

392 911 515 976 magua
529 912 572 960 ex
588 897 681 975 parte
694 893 861 957 succisum
876 891 1004 966 dolens,
1019 891 1224 974 interipsum
1245 891 1411 956 nefarium
1426 896 1489 959 mi-

392 995 563 1059 nisterium
592 993 732 1058 devietis
760 994 909 1076 partibus
937 989 1130 1070 Antoniii'
1151 992 1290 1074 imperio
1320 990 1487 1060 Caesaris³

392 1095 592 1161 destinatum
608 1095 708 1159 morti
722 1094 951 1172 Turullium,⁷⁰
973 1093 1161 1158 manifestis
1175 1092 1321 1157 numinis
1337 1093 1390 1156 sui
1407 1095 1484 1158 viri·

392 1197 467 1274 bus,
481 1215 559 1260 enm
574 1196 607 1257 in
622 1193 850 1279 locum,quem
865 1195 1059 1272 violaverat,
1075 1196 1194 1260 traxit:
1215 1193 1432 1277 effecitque,⁷¹
1449 1204 1487 1258 ut

390 1298 438 1362 ibi
454 1298 667 1380 potissimum
683 1315 704 1360 a
719 1297 880 1360 militibus
894 1294 1099 1360 Caesarianis
1115 1295 1268 1372 occisus,
1293 1293 1411 1358 eodem
1426 1315 1487 1359 ex·

391 1399 465 1478 itio,
481 1405 518 1461 et
531 1399 655 1462 eversis
671 1397 744 1481 jam
760 1398 933 1463 arboribus
948 1416 1066 1480 poenas
1081 1397 1201 1476 lueret,
1214 1402 1248 1460 et
1263 1394 1371 1460 adbuc
1388 1416 1488 1478 supe·

391 1500 541 1566 rantibus
550 1506 576 1548 ⁷²
592 1500 870 1565 immunitatem⁷³
886 1500 1071 1565 consimilis
1080 1499 1210 1582 injuriae
1220 1503 1363 1583 pareret:
1376 1519 1487 1562 suam-

391 1622 458 1687 que
474 1603 724 1680 venerationem,
749 1622 851 1686 quam
877 1602 968 1686 apud
992 1602 1140 1666 colentes
1154 1601 1337 1666 maximam
1357 1620 1489 1684 semper

391 1703 564 1781 babuerat,
581 1703 677 1767 Deus
694 1703 1020 1786 multiplicavit.r⁷⁴'

420 1877 435 1914 r
452 1869 517 1917 Dum
528 1865 691 1932 maerstem
701 1867 814 1929 uniiuga
824 1866 888 1916 iltius
899 1866 1038 1928 mutueris,
1054 1873 1164 1930 supuda
1173 1870 1204 1917 ud
1215 1867 1311 1919 Actium
1321 1867 1426 1916 exercitu
1434 1867 1487 1917 Arr-

391 1934 461 1994 touii,
473 1931 620 1994 diuturnius
627 1932 732 1993 potentin
741 1946 791 1980 sun
801 1933 938 1982 diuinitatis
950 1931 1084 1981 Turullium
1094 1932 1237 1982 duumuiri
1247 1931 1373 1993 uerijussu
1381 1931 1488 1993 Augusti

391 1999 469 2048 trusit
478 1997 504 2045 iu
515 1996 591 2044 lucum
601 1995 686 2058 iprum,
703 2010 770 2057 qum
780 1996 924 2055 uiabuerntr
941 1995 1065 2060 rtafferit,
1079 2001 1106 2045 ut
1124 2012 1140 2045 a
1159 1997 1273 2046 militibus
1290 1998 1393 2046 Caesaris
1410 1997 1485 2044 ista·-

383 2061 496 2121 ssatruis
507 2075 533 2110 eo
543 2060 590 2108 loeo
599 2059 686 2121 putus,
701 2074 770 2123 quum
779 2059 847 2121 aliti,
863 2067 887 2110 et
896 2062 1022 2124 paruerat
1033 2061 1060 2109 ob
1071 2063 1173 2110 suarim
1182 2061 1238 2120 jam
1255 2060 1358 2123 arbores,
1376 2065 1399 2110 et
1413 2063 1486 2123 impe·

389 2127 460 2184 diret,
476 2125 598 2172 uesimilir
608 2122 694 2182 injurio
704 2124 833 2182 iteraretur
843 2125 966 2175 arboribus
977 2126 1052 2174 adbuc
1068 2125 1214 2188 antomidus,
1229 2130 1253 2174 et
1273 2127 1371 2174 multum
1389 2129 1487 2187 augeret

389 2187 569 2248 renuntiarem,
585 2201 654 2250 quum
664 2189 765 2238 cultores
780 2189 855 2251 ipsius
867 2190 1000 2254 AEscutupii
1016 2204 1074 2252 argu
1087 2189 1154 2238 illum
1170 2204 1261 2254 semper
1271 2190 1398 2239 babuerunt
1410 2188 1486 2238 maxi·

393 2266 465 2300 muru.

848 2330 877 2348 O!
881 2330 1030 2350 ΙΜΜΝ

390 2415 422 2461 tt
439 2411 529 2460 Codex
547 2425 610 2461 unus
624 2410 712 2474 babet,
734 2411 860 2467 Paralum
885 2409 960 2470 alius,
981 2409 1125 2467 Turullium
1141 2409 1202 2470 duo,
1220 2410 1353 2468 Turitiam
1370 2411 1488 2472 totidem,

392 2469 516 2533 Rutilium
533 2490 596 2524 nnus
607 2476 694 2535 etiam,
707 2474 898 2532 Turultum3alii
907 2486 1005 2531 ornnes,
1016 2472 1154 2523 turullius.
1175 2475 1239 2522 Mox
1248 2477 1373 2536 prelorum
1381 2476 1488 2538 Pighius

393 2539 470 2590 uu'rlbi
482 2540 560 2604 jussit
575 2542 720 2588 lurum-tl
738 2539 781 2589 lta
791 2552 879 2588 omues
890 2537 965 2587 codd.
977 2536 1096 2586 Torreuii
1108 2543 1135 2586 et
1144 2536 1249 2600 vorsuti,
1267 2552 1325 2587 oum
1337 2539 1396 2585 Vct.
1415 2539 1489 2602 Mog.

393 2603 500 2654 Veneti.
513 2608 536 2652 1.
547 2607 571 2653 2.
583 2609 610 2652 et
624 2602 732 2652 Mediol.
745 2607 768 2652 1.
784 2607 809 2652 2.
844 2601 951 2665 Pighius
968 2602 1066 2664 maluit,
1084 2601 1207 2666 effecitque
1224 2602 1298 2650 Deua
1330 2601 1444 2650 ‘Verum
1460 2602 1489 2649 rb

393 2668 658 2730 Deussupervacuurn
676 2667 717 2716 bio
737 2673 793 2728 est,
812 2674 839 2716 et
857 2667 955 2717 rectius
976 2667 1054 2728 paulo
1074 2672 1141 2729 post,
1160 2665 1203 2715 ubi
1225 2665 1332 2729 Pighius
1352 2661 1489 2728 expunxit,

394 2731 478 2780 locum
490 2730 608 2782 obtinet'
627 2731 772 2781 Vara-ru
789 2731 820 2779 ln
838 2746 888 2780 uuo
904 2730 1002 2779 Brund.
1019 2730 1094 2778 adbuc
1110 2729 1273 2793 spirantibus.-
1289 2729 1392 2796 quidam
1409 2746 1489 2792 supu-

391 2795 488 2842 atitibus
498 2809 531 2843 ex
540 2797 695 2858 glossa-73
714 2796 810 2845 Omnes
821 2795 880 2844 libri
891 2800 919 2843 et
931 2793 1023 2856 scripti
1040 2799 1067 2842 et
1084 2794 1154 2857 typis
1170 2795 1299 2857 impressi,
1315 2794 1488 2856 inmanitatem,

392 2857 460 2920 quod
474 2858 512 2906 vir
523 2858 615 2908 doetus
629 2859 655 2908 ln
669 2861 781 2924 margine
795 2860 838 2908 ed.
850 2861 922 2922 Lips.
934 2862 1006 2907 1⁶12.
1018 2858 1148 2921 explieat:
1168 2859 1176 2885 ‘
1188 2873 1220 2907 ne
1231 2866 1323 2922 postea
1335 2859 1438 2920 inmune
1457 2875 1489 2908 ea
1537 2915 1540 2919 ,

393 2921 487 2971 audeat
499 2921 605 2974 facere!
639 2925 702 2973 Cum
717 2939 777 2974 vero
785 2924 844 2973 buit·
850 2924 909 2974 loeo
918 2923 1136 2971 accommodatius
1146 2922 1180 2972 sit
1188 2924 1360 2986 impunitatem,
1369 2923 1489 2972 Vorstius

392 2986 549 3036 auctoritate
561 2987 687 3036 Mitulerii
699 2989 725 3036 iu
737 2994 836 3038 textum
848 2987 959 3051 recepit,
975 2994 1003 3036 et
1013 2986 1151 3037 'l'orrenius
1171 2987 1355 3037 retinuit-tt
1372 2987 1415 3036 lta
1426 2989 1488 3036 Vet.

888 3097 997 3150 NOTAE

394 3207 437 3245 uua
455 3199 506 3257 est,
521 3193 589 3244 illins
600 3193 667 3244 enin
680 3195 796 3258 potiundi
809 3197 919 3260 spotiau·
960 3209 1126 3259 percussores
1146 3195 1307 3261 proscriptus
1319 3195 1401 3246 Cassii
1412 3196 1489 3247 (irra-

395 3269 472 3334 dique
494 3287 571 3321 causa
588 3287 646 3322 utrm
665 3280 779 3322 montem
799 3286 920 3336 superare
960 3277 1013 3319 stor
1024 3269 1084 3334 tirit,
1100 3277 1191 3335 postea
1206 3271 1233 3320 iu
1251 3271 1321 3321 bello
1332 3272 1443 3321 Actiaco
1456 3271 1488 3326 sb

395 3346 530 3407 niteretur,
546 3347 664 3411 repulsus
673 3353 722 3396 est.
959 3344 1066 3395 Antonii
1085 3347 1202 3409 partibus
1218 3346 1307 3395 stetit:
1326 3346 1371 3395 sed
1392 3347 1424 3395 ab
1444 3347 1488 3394 illo

424 3419 640 3484 ‘Deiouluatutd
658 3419 919 3483 Quiinspeeiemju-
954 3421 1011 3484 jam
1034 3422 1104 3472 vieto
1131 3423 1242 3471 traditus
1267 3421 1390 3484 Octavio,
1414 3421 1487 3484 cujus

394 3498 465 3546 renis
477 3497 541 3546 mira
554 3496 744 3561 pulchritudlne
762 3496 920 3560 apparuisse,
956 3496 1030 3559 jussu
1042 3498 1067 3544 in
1078 3497 1164 3546 insula
1173 3498 1237 3557 Coo,
1248 3496 1291 3545 ubi
1301 3497 1388 3547 lucum
1402 3497 1488 3546 AEscu·

394 3574 541 3636 animosque
553 3575 605 3622 ruis
618 3571 747 3622 addidisse
758 3571 851 3621 fertur.
960 3573 1022 3634 lepti
1041 3572 1128 3621 elassis
1147 3571 1270 3634 parandae
1282 3586 1360 3621 causa
1371 3569 1485 3620 succide·

427 3659 438 3685 ⁶
455 3652 485 3700 lu
494 3666 609 3700 semus
619 3650 702 3713 uertit]
716 3649 920 3712 Pugioueritsm
961 3652 1011 3708 rat,
1029 3647 1127 3696 occisus
1139 3653 1195 3707 est3
1213 3654 1240 3697 at
1252 3647 1331 3696 babet
1343 3648 1403 3696 Dio.

393 3727 469 3789 tirrilt,
486 3742 518 3776 ex
529 3726 642 3786 Justino,
658 3739 715 3773 cunr
732 3724 846 3773 dolorem
867 3727 920 3774 rut·
992 3721 1004 3755 ¹¹
1021 3724 1132 3788 Antonii]
1145 3725 1293 3787 Triumviri,
1317 3727 1360 3789 qui
1380 3721 1486 3771 Antonii

394 3817 484 3854 nerum
495 3801 621 3850 ferrenon
632 3807 728 3862 posset.
760 3799 877 3860 Veneno,
889 3815 922 3848 ax
961 3798 1057 3848 Cretici
1076 3797 1141 3847 bliuu
1156 3797 1220 3848 t'oit:
1238 3800 1272 3848 de
1289 3799 1363 3862 eujus
1374 3795 1486 3844 moribus

395 3875 540 3927 Pausania:
565 3875 660 3939 largius
680 3873 771 3922 barrsto
787 3887 871 3936 mero,
888 3889 921 3924 ex
961 3878 988 3922 et
1007 3873 1086 3938 gestis
1101 3871 1274 3924 Antoniorum
1290 3871 1410 3922 familiam
1426 3881 1486 3919 con·

395 3953 460 4003 aliis.
960 3951 1023 3998 sule.

428 4026 618 4090 ‘AEseulupius]
644 4025 783 4076 Medicina
814 4040 922 4090 praeses,
993 4027 1125 4078 ¹lleuictis
1137 4029 1245 4092 panibus
1255 4023 1366 4093 Antonii]
1382 4023 1424 4072 Ad
1437 4024 1487 4075 Aa·

395 4100 454 4150 ideo
464 4103 592 4168 Apollinis
602 4101 670 4152 tilius
688 4102 802 4165 tingitur.
835 4103 921 4151 Mults
960 4103 1167 4167 tium,ubi,cum
1178 4103 1486 4168 aeqquartepugnare-

397 4173 429 4221 de
441 4176 484 4224 illo
495 4177 642 4226 fabulentur
652 4178 744 4241 poeta.
960 4184 1012 4239 tor,
1031 4178 1158 4228 Antonius
1169 4180 1254 4229 subito
1265 4175 1438 4241 refugientem
1451 4186 1488 4228 te·

428 4249 574 4310 ‘'lbrudio]
596 4253 646 4302 osui
671 4253 738 4300 tuter
760 4251 788 4300 c.
810 4249 921 4300 cesaris
959 4264 1029 4300 urere
1041 4251 1204 4315 Cleopatram
1220 4254 1297 4303 borno
1313 4253 1417 4302 luxorius
1428 4268 1486 4317 per·
