3266 5174
312 437 378 504 258
467 423 470 436 ¹
618 446 771 496 vacuari
797 447 943 494 araxim
970 448 1041 493 mn.
1067 447 1108 493 ιι.

314 615 371 661 um
400 593 502 677 potita
529 591 667 654 Liviusq
688 589 731 652 ad
754 587 937 652 fabularum
964 595 1161 668 argumenta
1185 589 1407 672 spectantium

315 698 444 764 animos
459 692 636 757 transtulit.
681 690 782 772 Isque
795 690 846 752 sui
862 688 977 770 operis
999 694 1132 764 actor,¹⁵
1156 709 1230 753 cum
1247 685 1410 771 saepiusa

314 795 641 881 populorerocatusr
664 811 777 856 vocem
801 790 1015 866 obtudisset:
1037 788 1187 852 adhibito
1210 792 1305 872 pueri
1321 795 1355 853 et
1368 790 1409 852 ti-

313 895 433 960 bicinis
449 900 623 969 concentu,
639 891 926 974 gesticulationem
942 891 1067 954 tacitus
1082 892 1222 972 peregit.
1267 890 1410 955 Attella-

314 997 368 1060 ni·
389 1000 500 1058 antem
515 994 557 1056 ab
572 989 691 1056 Osciat
712 991 812 1054 acciti
828 995 919 1054 sunt:
943 989 1035 1072 quod
1050 1009 1155 1072 genus
1168 990 1408 1056 delectationis

315 1096 439 1163 Italica
453 1095 623 1160 severitate
638 1099 870 1174 temperatum,
896 1092 1041 1174 ideoque
1055 1110 1198 1156 vacuum
1221 1097 1303 1153 nota
1316 1097 1367 1154 est
1381 1092 1414 1154 :s

314 1219 391 1263 nam
405 1214 514 1278 neque
527 1195 616 1259 tribu
627 1191 652 1232 ¹⁶
674 1197 849 1270 movetur,l
862 1211 969 1274 neque
984 1211 1006 1256 a
1019 1192 1218 1258 militaribus
1232 1189 1409 1272 stipendiis

315 1299 495 1382 repellitur.

348 1490 357 1514 ⁰
374 1481 444 1542 leque
454 1483 519 1526 octor
529 1477 566 1525 eui
584 1477 670 1539 operis,
681 1491 733 1524 mm
743 1476 829 1538 sepius
847 1491 862 1524 a
873 1478 961 1539 ,populo
977 1477 1004 1525 in
1014 1490 1107 1526 scenam
1116 1481 1237 1526 reuocatus
1246 1477 1276 1524 cd
1286 1475 1412 1537 agendum,

315 1559 392 1594 nocem
402 1557 468 1590 cuum
476 1556 574 1590 runcum
578 1539 684 1598 sedsed.

344 1608 361 1652 s
375 1609 408 1656 Et
420 1607 472 1655 ideo
482 1605 643 1662 unorfubule
653 1605 783 1654 Altettonoe
793 1603 857 1652 nullo
865 1603 966 1662 insanio
976 1609 1080 1654 notatur.

777 1744 947 1770 umen

316 1866 366 1900 nou
377 1851 473 1900 habent
483 1849 624 1899 codd-15
642 1849 812 1912 Undeviginti
824 1850 899 1900 codd.
910 1854 992 1898 auctor
1000 1865 1009 1908 ,·
1025 1855 1053 1898 et
1071 1848 1109 1898 sle
1129 1849 1156 1897 in
1175 1847 1247 1906 Mog.
1264 1850 1291 1894 et
1302 1844 1374 1895 Leid.
1386 1851 1411 1895 7.

315 1916 349 1965 ab
362 1917 411 1967 alia
422 1929 515 1964 manu:
532 1915 773 1964 uctorinVet.-16
788 1915 876 1964 Vena
891 1915 967 1964 turdis
975 1931 985 1974 ,·
1003 1921 1030 1963 et
1047 1927 1107 1962 mox
1125 1911 1249 1976 stipendia
1265 1911 1412 1973 rependitur.

815 2051 919 2102 NorAE

316 2145 412 2214 Reges,
434 2151 479 2198 sed
504 2151 602 2200 Satiros
624 2149 784 2199 induxerunt
808 2149 846 2198 lu·
888 2149 990 2213 Cicero,
1001 2145 1111 2214 Gellius,
1124 2153 1150 2200 et
1162 2149 1213 2200 alii.

317 2225 396 2273 dendi
408 2239 493 2286 eausa,
505 2225 673 2289 jocandique,
685 2229 714 2273 ut
725 2224 793 2272 iuter
805 2237 846 2272 res
920 2227 1084 2288 'Revocuttta]
1113 2227 1180 2274 Dum
1192 2224 1298 2274 fabellas
1309 2235 1367 2272 suas
1378 2220 1414 2270 di·

315 2302 429 2363 tragicas
452 2303 584 2366 seriesque
603 2308 736 2366 spectator
750 2301 846 2348 Satiro·
887 2305 959 2346 eeret
980 2300 1077 2358 Livius,
1108 2301 1202 2360 populo
1225 2299 1354 2347 interdum
1377 2289 1414 2346 ita

316 2390 372 2424 rum
392 2377 460 2439 jocis
482 2384 509 2425 et
535 2377 632 2426 lusibus
652 2376 844 2423 delectaretnrz
886 2372 993 2432 placuit,
1009 2371 1081 2419 ntad
1100 2372 1256 2433 principium
1274 2373 1307 2420 ab
1325 2387 1356 2421 eo
1376 2387 1414 2420 re·

316 2452 384 2500 uude
395 2459 486 2517 postea
496 2457 614 2512 argutum
624 2449 715 2511 poema
726 2449 845 2495 liexnme-
885 2450 992 2492 vocatus
1019 2445 1124 2506 saepius,
1145 2458 1234 2493 vocem
1265 2446 1413 2496 obtuderit:

316 2532 358 2575 tro
379 2541 452 2574 versu
471 2524 619 2573 confectum
637 2523 730 2570 Satirae
753 2535 844 2569 nomen
886 2524 940 2567 tum
954 2519 1005 2590 ille,
1022 2526 1050 2568 et
1070 2524 1176 2582 puerum
1187 2525 1215 2567 et
1226 2519 1356 2569 tibicinem
1371 2535 1413 2572 ac·

318 2603 436 2665 accepit;
463 2597 536 2662 quale
556 2601 630 2644 extat
640 2595 754 2657 Horatii,
764 2596 844 2646 Jove·
886 2595 959 2656 civit,
971 2610 1077 2658 qnorum
1097 2596 1164 2644 alter
1175 2607 1239 2643 voce
1249 2602 1365 2658 caneret,
1379 2596 1414 2644 al·

316 2677 389 2737 natis,
406 2682 433 2723 et
450 2671 544 2721 Persii.
577 2670 609 2718 Ic
622 2669 758 2732 tragoedias
777 2670 843 2718 Sati·
885 2675 926 2719 ter
936 2669 1009 2732 tibia,
1021 2670 1082 2719 dum
1099 2670 1154 2733 ipse
1172 2669 1304 2732 utriusque
1322 2677 1350 2720 et
1361 2685 1415 2719 mo·

316 2764 359 2796 ros
382 2764 397 2795 a
417 2747 516 2794 Latinis
537 2749 657 2807 receptos
677 2744 720 2791 vix
738 2749 844 2806 putem;
886 2745 932 2795 dos
943 2753 970 2796 et
987 2753 1079 2795 cantus
1099 2752 1171 2794 motu
1186 2745 1305 2808 'corporis
1326 2746 1414 2796 subse·

316 2821 363 2881 sed
382 2821 408 2869 in
427 2820 588 2869 comoediasa
605 2819 679 2867 Livio
695 2817 845 2868 Andronico
886 2828 1018 2886 queretur.

316 2894 426 2957 primum
448 2893 578 2955 inductos,
598 2893 692 2942 deinde
710 2895 735 2942 in
748 2893 845 2942 Atella·
918 2897 1065 2960 mitellam]
1093 2897 1223 2949 Ludiones
1243 2898 1275 2947 ab
1298 2895 1414 2957 Attellis,

315 2968 844 3032 nasfabellasaliquuntopostdemigras·
886 2989 945 3038 quie
971 2972 1121 3038 Campaniae
1149 2976 1241 3026 civitas
1267 2984 1316 3036 est,
1347 2985 1414 3025 nunc

316 3048 455 3096 acindicat
475 3047 563 3096 Livius
583 3048 627 3097 lib.
643 3061 694 3097 vir.
728 3049 844 3098 Nominis
885 3053 1103 3113 Averso,liomam
1124 3052 1217 3102 acciti:
1246 3067 1352 3116 quornm
1375 3051 1413 3100 fa·

316 3125 441 3172 ratioalia
453 3123 551 3172 abaliis
570 3122 693 3183 affertur;
720 3137 734 3171 a
752 3123 844 3172 Satiris
886 3127 960 3176 belloe
972 3143 1028 3177 curn
1042 3127 1170 3191 turpiores
1186 3134 1279 3189 essent,
1299 3127 1415 3177 Romana

220 3261 229 3267 ³
317 3213 365 3262 ego
387 3199 473 3248 dictos
493 3199 612 3262 arbitror,
630 3199 699 3264 quod
728 3198 844 3248 ridiculae
885 3202 1022 3252 severitate
1039 3203 1077 3251 ita
1097 3208 1249 3261 temperatae
1261 3209 1330 3264 sirdt,
1347 3203 1413 3250 utin

315 3289 358 3323 res
369 3281 397 3324 et
407 3273 544 3338 pudendae,
554 3277 642 3338 quales
652 3291 668 3323 a
684 3275 774 3323 Satiris
790 3275 845 3324 fere
887 3277 918 3324 iis
930 3291 1012 3340 pauca
1032 3278 1162 3334 obscoena,
1175 3277 1231 3340 joci
1246 3293 1307 3326 vero
1330 3278 1414 3340 multi,

317 3349 845 3414 etproferuutur·ettiunt,inhisfabellis
886 3353 1013 3415 multique
1030 3354 1106 3402 sales.
1139 3353 1170 3401 In
1188 3353 1287 3401 duobus
1314 3354 1413 3416 potissi-

316 3424 476 3473 dieerentur.
511 3424 578 3472 Haec
597 3423 738 3472 Diomedes
754 3425 844 3474 Gram-
884 3441 952 3475 mum
963 3425 1131 3475 Auellanaea
1149 3421 1416 3490 Satirisdifferebunt,

316 3501 435 3559 mutiens,
444 3507 470 3547 et
481 3499 564 3549 Aldus
575 3499 716 3568 Manutius.
885 3501 952 3564 qnod
963 3502 988 3548 in
1005 3501 1055 3549 illis
1065 3501 1193 3551 obseoenae
1212 3514 1329 3565 personae
1342 3505 1423 3572 indu-l

348 3574 552 3636 trinarium]
577 3573 750 3636 Andronicus,
769 3573 844 3623 homo
885 3583 1021 3639 cerentur;
1037 3577 1062 3624 in
1074 3577 1113 3626 his
1126 3592 1196 3641 vero,
1205 3579 1246 3627 vel
1260 3579 1339 3628 Sir-tiri
1351 3579 1415 3640 fere,
1482 3625 1486 3634 ,

316 3651 435 3712 Graecus,
453 3649 496 3714 qui
516 3665 530 3697 a
548 3649 586 3696 M.
603 3649 677 3698 Livio
690 3650 844 3713 Salinatore,
885 3654 926 3702 rel
944 3654 1036 3718 siquae
1056 3661 1117 3703 sunt
1137 3669 1256 3718 personae
1277 3656 1367 3704 Satiris
1380 3655 1414 3702 si-

316 3728 390 3790 eojus
401 3727 498 3776 liberos
518 3724 664 3787 erudiebat,
681 3725 804 3774 libertate
817 3734 844 3776 et
885 3729 968 3789 miles,
980 3737 1009 3778 nt
1020 3729 1129 3792 Silenus,
1148 3737 1178 3779 ut
1196 3729 1359 3792 Autolycus:
1385 3735 1414 3777 et

316 3802 410 3850 familia
422 3802 543 3863 donatus,
554 3801 651 3864 primns
669 3801 757 3850 Rornae
769 3799 843 3850 faba·
885 3805 1023 3854 Attellanis
1037 3820 1139 3870 semper
1156 3819 1260 3854 servare
1278 3816 1414 3866 personam

314 3879 365 3926 tem
375 3878 472 3940 docuit,
481 3879 515 3928 Q.
525 3877 633 3927 Claudio
642 3877 767 3941 Cethego,
775 3879 844 3928 Caeci
880 3881 924 3944 jns
933 3879 1022 3940 fuerit,
1030 3881 1122 3931 Satiris
1133 3896 1182 3930 non
1194 3881 1265 3928 iterii.
1351 3902 1357 3912 ·

316 3953 378 4014 tilio,
389 3962 417 4003 et
427 3955 625 4018 M.Sempronio
635 3955 765 4004 Tuditano
775 3957 845 4005 Coss.
920 3958 973 4006 ‘Ab
986 3959 1066 4022 Oscis]
1089 3955 1234 4019 Campanire
1246 3953 1358 4016 populis,
1371 3956 1414 4017 qui

316 4043 382 4078 anno
393 4033 450 4094 ipso
463 4040 599 4096 antequam
609 4039 684 4082 natus
693 4043 732 4081 est
740 4033 847 4096 Ennius,
887 4032 1056 4095 averborum,
1064 4032 1155 4094 quibus
1164 4029 1302 4077 utebantur
1310 4030 1415 4093 sapius,

318 4109 379 4163 post
397 4105 487 4154 urbem
508 4107 641 4156 conditam
664 4111 720 4156 514.
748 4108 845 4170 duplici
887 4106 1049 4168 turpitudine
1059 4119 1151 4152 nomen
1169 4102 1270 4164 sortiti;
1287 4104 1354 4154 unde
1367 4107 1412 4156 ob-

232 4225 236 4232 ,
317 4176 393 4224 laude
411 4180 511 4240 clarus;
536 4183 642 4245 quodet
661 4180 741 4245 poeta
759 4189 784 4229 et
804 4196 845 4229 ac·
886 4193 973 4228 scoena
985 4179 1063 4228 verba
1073 4192 1120 4242 pro
1133 4177 1273 4241 impudicis
1285 4183 1360 4248 vulgo
1376 4182 1414 4233 di·

316 4257 358 4300 tor
384 4266 488 4302 suarum
513 4255 656 4305 fabularum
678 4255 765 4306 fuerit.
803 4256 846 4304 Ita
887 4255 975 4304 cimus.
