3210 5158
304 415 385 463 GAP.
401 413 457 460 111.
482 411 529 460 DE
554 411 810 459 ABSTINENTIA
834 411 882 458 nr
905 412 1176 462 CONTINENTIA.
1219 397 1284 464 4¹ss

191 558 271 620 urbe
288 556 388 620 Poeni
404 557 535 620 clausos
549 553 746 630 habuerant,
762 555 795 616 in
811 574 905 618 suanr
920 558 1119 636 potestatem
1139 554 1283 636 redegis-

193 663 254 734 set,
272 658 406 721 eximiae
422 659 506 720 inter
520 675 579 719 eos
593 653 710 717 formae
726 655 897 736 virginem,
908 655 1019 719 aetatis
1035 656 1169 734 adultae,
1185 663 1220 720 et
1229 657 1286 740 ju·

192 761 295 836 venie,
311 768 344 823 ct
359 759 494 834 coelebs,
513 762 546 821 et
560 755 679 832 vietor,
703 760 881 837 postquam
896 757 1057 838 comperit
1072 757 1193 820 illustri
1209 757 1287 822 loco

192 859 276 923 inter
291 859 480 924 Celtiberos
494 865 620 932 natam,
636 857 913 939 nobilissimoque
930 857 1036 936 gentis
1053 859 1127 940 ejus
1149 858 1287 922 Indibili

193 958 475 1042 desponsaturum
497 958 669 1024 arcessitis
700 958 910 1040 parentibus,
934 963 968 1019 et
994 977 1119 1038 sponso
1144 959 1288 1022 inviola-

193 1066 258 1124 tam
275 1061 421 1125 tradidit.
459 1059 590 1124 Aurum
606 1078 750 1142 quoque,
766 1059 856 1142 quod
872 1078 934 1140 pro
948 1058 1148 1122 redemtione
1164 1060 1286 1141 puellae

193 1161 326 1225 allatum
348 1169 431 1238 erat,
459 1181 597 1225 summae
622 1159 728 1224 doust
751 1160 882 1243 adjecit.
929 1158 1007 1236 Qua
1028 1161 1232 1224 continentia
1247 1179 1288 1223 ac

192 1263 420 1328 munificentia
434 1263 592 1328 Indibilis
606 1262 786 1341 obligatus,
795 1260 1048 1324 ¹Celtiberorum
1072 1261 1200 1324 animos
1216 1259 1288 1324 Ro·

192 1365 301 1428 manis
316 1364 530 1447 applicando,
545 1362 675 1448 meritis
690 1361 763 1444 ejus
779 1362 925 1424 debitam
941 1364 1079 1442 gratiam
1096 1362 1233 1426 retulit*

234 1465 265 1528 2.
288 1463 414 1528 Verum
429 1471 466 1526 ut
479 1462 581 1544 hujus
597 1462 659 1524 viri
676 1461 887 1526 abstinentiae
912 1463 1008 1524 testis
1036 1462 1216 1544 Hispania,
1243 1465 1289 1528 ita

193 1563 243 1627 M.
259 1563 392 1627 Catonis
416 1561 563 1644 Epiros,e
583 1560 727 1640 Achaia,
758 1557 947 1644 Cyclades‘
964 1563 1094 1640 insulae,
1124 1564 1291 1628 maritima

192 1660 272 1747 pars
287 1663 394 1743 Asiae,
409 1666 579 1747 provincia
594 1664 751 1747 Cypros.⁵
795 1663 894 1728 Unde
911 1684 985 1728 cum
1001 1663 1155 1745 pecuniae
1172 1665 1289 1747 depor-

193 1766 305 1832 tandae
322 1767 545 1831 ministerium
575 1767 765 1842 sustineret,
793 1771 862 1830 tam
888 1785 1044 1836 aversum
1074 1765 1218 1828 animum
1245 1767 1288 1829 ab

193 1869 285 1930 omni
299 1867 442 1944 Venere,
457 1889 558 1952 quam
580 1889 601 1931 a
624 1869 720 1932 lucro
733 1866 861 1944 babuit,
887 1867 921 1928 in
946 1867 1093 1930 maxima
1118 1865 1291 1947 utriusque

194 1969 457 2051 intemperantiae
478 1977 629 2034 versatus
654 1968 806 2032 materia.
850 1965 940 2030 Nam
962 1974 997 2029 et
1018 1967 1117 2045 regiae
1143 1965 1291 2030 divitiae⁸

193 2075 358 2151 potestate
384 2072 494 2154 ipsius
517 2071 781 2146 continebantur,
803 2074 837 2130 et
861 2066 1074 2132 fertilissimae
1098 2066 1289 2130 deliciarum

195 2176 247 2232 tot
262 2169 408 2235 Graeciae
422 2167 547 2236 urbes⁶
569 2171 764 2259 necessaria
778 2170 881 2233 totius
897 2168 1121 2250 navigationis
1148 2167 1290 2232 deverti-

195 2271 273 2335 cula
287 2274 402 2336 erant.⁵
446 2273 559 2358 Atque
574 2274 608 2338 id
624 2273 820 2338 Munatius⁷
843 2271 968 2348 Rufus,
996 2268 1172 2353 Cypriacae
1187 2289 1290 2353 expe·

164 2458 166 2462 '
229 2455 239 2487 ⁶
255 2457 294 2507 Aa
305 2475 363 2522 quus
374 2461 398 2510 in
411 2461 453 2511 illu
462 2462 613 2524 aromaticae
622 2461 750 2512 necessario
760 2461 922 2510 divertendum
932 2464 992 2508 erut.

652 2605 835 2624 ‘WNNNO

196 2698 273 2757 igitur
283 2699 414 2747 contrarios
424 2700 461 2748 liis
472 2703 530 2762 tam,
541 2706 568 2749 et
580 2701 617 2749 sic
627 2703 688 2752 Vct.
701 2705 774 2768 Mog.
792 2712 819 2754 et
832 2701 948 2752 atta-4
956 2701 1092 2752 Sexdecim
1103 2699 1176 2749 codd.
1187 2701 1293 2752 Torren.

198 2775 254 2808 curn
269 2760 328 2809 edd.
340 2769 404 2811 vett.
415 2762 519 2826 habent,
530 2767 708 2826 desponsatum
726 2771 786 2817 Vet.
797 2783 855 2816 curn
868 2768 923 2815 aliis
934 2769 1125 2829 desponsam-5
1144 2765 1293 2814 Perizonius

197 2825 281 2884 malit,
290 2824 357 2872 Asia
367 2827 511 2888 procineioe5
529 2836 556 2876 et
569 2830 659 2877 Leidd.
672 2836 694 2878 l.
706 2836 730 2880 2.
742 2833 847 2890 babent,
858 2831 917 2878 Asia
932 2832 1108 2892 provincie-6
1125 2827 1166 2876 lta
1177 2829 1293 2894 plerique

198 2887 275 2937 codd.
295 2895 323 2937 et
343 2890 402 2938 edd.
422 2899 486 2941 vett.
506 2892 633 2954 probante
654 2894 809 2943 Perizonio:
835 2894 942 2954 Pighius
962 2899 1123 2954 reposuerat,
1139 2895 1174 2938 tot
1191 2895 1295 2954 egregie

196 2951 274 3013 urbes,
296 2953 366 3016 quod
386 2955 412 3002 in
433 2955 522 3016 Canrp.
544 2971 595 3005 ano
613 2957 686 3004 Leid.
706 2965 734 3005 et
749 2959 820 3021 Meg.
834 2957 894 3004 ‘estz
911 2959 962 3004 totu
981 2957 1077 3004 Gracia
1095 2956 1163 3003 arbee
1176 2957 1244 3004 Dan.
1266 2963 1294 3004 ct

197 3016 271 3065 Leid.
296 3022 318 3066 1.
347 3018 416 3082 qnod
436 3019 528 3068 Colere
545 3026 572 3068 et
589 3020 713 3069 Torrenio
733 3036 782 3070 non
807 3022 945 3084 displicet:
971 3021 1044 3068 totius
1064 3019 1166 3066 Groeciae
1183 3019 1252 3067 urbes
1269 3020 1294 3068 in

199 3089 308 3143 quatuor
323 3083 420 3133 Medic.
438 3091 466 3131 ut
490 3084 566 3147 uulgo
590 3085 770 3136 mebeten—'1
788 3085 832 3136 Ita
844 3095 952 3148 uterquc
965 3085 1063 3134 Brand.
1074 3090 1101 3132 et
1114 3090 1214 3132 ueteres
1227 3084 1296 3146 typis

693 3217 798 3268 NOTAE

229 3312 240 3338 ⁴²
252 3307 352 3357 Indibili
362 3312 534 3376 desponsatam]
545 3312 603 3363 Non
614 3313 727 3378 Indibili,
799 3323 810 3349 ⁸
822 3312 922 3378 Epiros]
948 3315 1029 3376 Regio
1048 3311 1157 3362 Gracia
1175 3310 1294 3374 finitima,

196 3380 242 3428 sed
262 3383 381 3444 Lucceio,
399 3388 441 3435 vel
459 3387 561 3438 Allucio
582 3389 727 3439 Celtibero·
768 3389 979 3452 Achelootlnvio,
991 3388 1190 3438 Acrocerauniis
1206 3388 1297 3436 monti·

199 3471 254 3506 rum
267 3458 393 3524 Principi.
767 3465 825 3526 bns,
837 3465 1000 3513 Macedoniae
1014 3472 1098 3525 parte,
1108 3471 1136 3512 et
1145 3464 1219 3512 Ionio
1231 3464 1295 3512 mari

228 3532 360 3584 dmrmmoe
382 3537 455 3600 duis]
480 3539 601 3588 ‘Praeter
620 3540 726 3604 dotem,'
766 3541 973 3602 circumscripta.
1018 3539 1135 3587 Primum
1164 3537 1296 3600 Molossia,

195 3608 726 3679 inquit,‘quamaceepturnsasoceroes,
768 3615 863 3664 deinde
893 3614 1015 3677 Chaonia,
1039 3629 1107 3663 nune
1129 3614 1173 3662 vel
1192 3613 1296 3662 Albania

198 3685 252 3735 bec
263 3687 362 3736 dotalia
373 3688 439 3738 dona
449 3705 463 3737 a
475 3703 517 3738 me
529 3689 634 3754 accipe!
659 3693 726 3741 Tum
766 3696 926 3753 nuncupata,
936 3690 978 3737 vel
986 3689 1070 3738 lunae.

197 3761 229 3810 ab
244 3778 274 3812 eo
286 3763 371 3826 petiit,
382 3771 410 3813 ut
429 3774 456 3814 et
468 3767 515 3814 sibi
532 3774 559 3815 et
570 3768 665 3830 populo
677 3769 726 3817 Ro·
799 3761 944 3828 ‘Cycladum
962 3763 1153 3827 Quinquaginta
1167 3762 1257 3811 insulae
1269 3763 1295 3812 in

198 3851 273 3888 nrano
284 3840 380 3888 anricus
392 3847 477 3888 esset:
491 3856 566 3904 quarn
579 3844 687 3906 gratiani
697 3849 726 3893 nt
767 3842 832 3892 mari
843 3843 931 3904 AEgaeo
951 3855 1063 3902 sparsa,
1080 3841 1120 3889 vel
1138 3841 1205 3905 quod
1225 3842 1296 3891 circa

199 3914 310 3964 referret
321 3916 433 3978 Scipioni
444 3917 567 3978 Allucius,
583 3918 672 3968 habito
681 3920 725 3968 eli·
766 3918 859 3966 Delum
872 3917 897 3964 in
910 3914 996 3964 orbern
1009 3916 1065 3964 sitae
1078 3917 1149 3976 sint3
1175 3917 1216 3966 vel
1227 3918 1296 3980 quod

200 3990 647 4056 entiumdelectarintrapaucosdies
659 3995 725 4043 redi·
766 3993 842 4054 longo
860 3990 950 4039 ordine
970 4004 1013 4038 eas
1033 3990 1168 4040 circumire
1189 4007 1295 4044 necesse

199 4060 220 4106 it
232 4077 287 4112 euni
296 4067 364 4116 mille
374 4068 715 4134 quadringentisequitibus.
766 4070 809 4130 eit,
832 4066 957 4132 Cyclades
975 4066 1105 4117 dicuntur.
1139 4067 1225 4119 Hodie
1248 4071 1295 4120 Les

233 4135 247 4162 ¹*
259 4136 308 4185 An·
317 4142 355 4192 M.
364 4149 435 4195 aaut.
454 4144 497 4195 Ol.
509 4149 565 4195 142.
577 4151 602 4196 3.
619 4147 683 4197 Urb.
699 4147 728 4196 C.
770 4146 891 4210 Cyclades.

206 4215 263 4274 ⁶43.
281 4213 343 4266 Ant.
356 4219 402 4270 Cb.
414 4225 470 4273 209.
801 4218 1030 4282 suegrestede]
1054 4219 1093 4268 De
1114 4220 1218 4271 Catonis
1238 4221 1297 4271 Uti·
