3266 5174
458 530 462 542 .
531 501 613 550 cur.
629 499 679 548 ιν.
703 500 750 549 nn
773 497 1036 548 srncrncuurs.
1264 483 1329 549 261

236 667 307 712 rere
321 646 455 711 furnum.
478 643 523 707 Et
537 643 579 706 ab
595 661 642 706 eo·
645 639 763 726 jussus
777 640 888 724 egredi
903 639 1118 705 Terentum²⁸
1139 637 1190 723 (id
1205 641 1236 705 ei
1250 641 1327 706 loco

237 766 356 813 nornen
369 744 441 830 est)
463 743 582 828 cupide
597 750 728 826 arrepto
745 743 863 820 calice,
878 762 999 826 aquam
1016 741 1153 806 flumine
1176 741 1329 807 haustam

237 868 290 925 eo,
302 848 390 911 unde
403 847 514 910 fumus
529 848 600 908 erat
620 846 769 922 obortus,
788 844 860 927 jam
881 845 990 908 lectior
1012 843 1155 927 pertulit,
1170 842 1329 906 divinitus

237 950 308 1013 dati
324 947 460 1012 remedii
475 946 575 1029 quasi
596 947 738 1028 vestigia
755 945 910 1027 quaedam
933 945 968 1007 in
993 944 1183 1027 propinquo
1197 948 1329 1007 nactum

237 1069 274 1113 se
289 1050 500 1114 existimans:
521 1049 623 1132 inque
640 1049 715 1112 solo
729 1047 838 1128 magis
853 1045 1016 1122 fumante,
1032 1063 1133 1127 quarn
1145 1043 1231 1107 ullas
1246 1043 1329 1125 ignis

236 1153 380 1216 habente
393 1151 560 1234 reliquiae,
570 1149 651 1213 dum
662 1149 811 1215 tenacius
825 1167 923 1211 omen
934 1145 1166 1231 apprehendit,
1178 1150 1329 1210 contrac-

235 1253 279 1316 tis
294 1253 439 1328 levibus,
462 1257 494 1315 et
509 1269 587 1334 quae
602 1251 671 1314 sors
680 1256 707 1299 ²⁹
729 1249 897 1313 obtulerat
918 1248 1139 1324 nutrimentis,
1165 1245 1327 1329 pertinaci

235 1353 352 1434 spiritu
366 1351 535 1416 flammam
549 1350 710 1426 evomuit,
732 1347 995 1431 calefactamque
1009 1367 1131 1430 aquam
1146 1348 1262 1431 pneris
1276 1347 1328 1411 bi·

234 1452 376 1522 bendam
391 1452 508 1515 dedit-³
552 1451 632 1530 Qua
646 1454 809 1534 potata‚³⁰
832 1449 971 1512 salutari
987 1450 1098 1530 quiete
1124 1449 1239 1532 sopiti,
1254 1447 1327 1512 diu-

236 1557 306 1619 tina
320 1554 357 1618 vi,
369 1553 477 1617 morbi
492 1557 625 1636 repente
649 1556 729 1616 sunt
741 1549 896 1630 liberati3
919 1552 1071 1635 patrique
1086 1551 1334 1627 indicaverunt,

236 1654 382 1718 ‘vidisse
396 1672 433 1716 se
454 1655 489 1717 in
511 1653 674 1730 somnis,³¹
697 1651 813 1717 nescio
828 1671 849 1715 a
863 1671 931 1733 quo
948 1650 1093 1715 Deorum
1107 1651 1250 1733 spongia
1264 1661 1328 1718 sua

234 1773 378 1838 corpora
391 1755 543 1836 perungi,
559 1761 594 1818 et
607 1754 760 1839 praecipi,
782 1759 819 1818 ut
843 1755 886 1817 ad
915 1753 1007 1817 Ditis
1022 1752 1130 1838 patris
1145 1758 1179 1816 ct
1194 1751 1328 1816 Proser·

235 1855 324 1936 piune
338 1874 442 1934 aram,
470 1875 492 1920 a
508 1875 583 1939 ,qua
605 1857 713 1920 fuerat
728 1856 822 1940 potio
838 1855 923 1939 ipsis
939 1855 1053 1931 allata,
1066 1853 1172 1918 furuae
1187 1852 1329 1918 hostiae⁸

235 1956 773 2039 immolarentur,lectisterniaque
789 1960 822 2018 et
835 1955 941 2018 ludi³²
957 1954 1106 2018 nocturni
1119 1949 1256 2016 fierent!
1279 1951 1327 2028 Is,

237 2054 328 2137 quod
351 2075 393 2118 eo
414 2057 483 2119 loci
497 2057 621 2120 nullam
637 2075 727 2120 aram
741 2056 880 2131 viderat,
896 2054 1078 2118 desiderari
1093 2054 1242 2130 credens,
1257 2056 1294 2115 ut
1307 2070 1330 2113 a

237 2175 273 2218 se
289 2161 572 2239 construeretur,³³
596 2175 687 2220 aram
702 2160 847 2219 emturus
861 2157 895 2219 in
910 2153 1034 2219 Urbem
1048 2155 1206 2239 perrexit,
1231 2151 1329 2217 relic·

267 2374 281 2408 t
298 2367 388 2430 Cupide
404 2368 475 2418 culice
493 2373 587 2430 arrepto
604 2368 719 2416 loetr'orob
736 2369 844 2418 auditum
865 2369 961 2420 Terenti
980 2383 1062 2418 nomeu
1080 2382 1163 2431 equum
1182 2367 1287 2416 brutium
1297 2381 1328 2415 ex

229 2429 308 2494 sturio
318 2431 417 2493 pertulit
428 2433 453 2480 r'rr
464 2446 517 2480 eum
528 2433 610 2494 locum,
623 2431 661 2480 ubr'
666 2431 749 2492 fumus
759 2433 823 2481 uirus
828 2433 928 2492 fueret:
947 2433 1077 2482 arbitratus
1091 2447 1116 2480 ee
1126 2432 1241 2480 inuenisse
1250 2431 1275 2477 iu
1286 2431 1329 2478 lure

236 2497 284 2544 toro
295 2511 340 2543 noa
348 2500 436 2544 remoto
447 2494 575 2544 remedium
586 2510 601 2543 u
611 2495 670 2545 Dite
680 2497 781 2545 Laribus
791 2497 837 2560 e'pei
853 2498 998 2547 iudicatum:
1022 2502 1045 2544 et
1057 2498 1112 2545 dum
1130 2498 1265 2544 constanter
1274 2508 1327 2544 eou-

228 2559 290 2622 fldit
304 2560 376 2607 orriri
386 2559 472 2620 obtuto,
487 2559 513 2607 r'u
531 2563 603 2621 terro,
612 2559 782 2622 presumebat,
793 2562 839 2610 etet
849 2563 919 2610 aullre
926 2561 959 2610 r'ln'
968 2566 1045 2609 esseut
1056 2559 1119 2620 unte
1128 2560 1242 2621 reliquie,
1249 2559 1329 2608 elicuit

234 2625 342 2672 continuo
348 2623 415 2686 fletu
423 2625 550 2688 ¹sternamur
559 2639 589 2672 ec
596 2625 711 2686 congestio
731 2625 757 2674 iu
767 2641 838 2674 uuum
848 2628 923 2675 locum
934 2625 1125 2687 iguissumeatr's,
1136 2637 1187 2686 quc
1195 2621 1228 2671 ior·
1236 2624 1329 2672 iuuene·

231 2693 271 2736 rut
280 2703 290 2745 ;
307 2693 331 2737 et
342 2688 407 2736 dedit
417 2702 509 2750 equum,
517 2689 558 2748 tre.

691 2791 870 2812 mum!

234 2884 315 2946 egris.
343 2885 481 2947 vulgatum
493 2891 597 2935 tuentur
605 2901 691 2936 omnes
700 2889 852 2938 Torreniani
861 2903 920 2938 curn
932 2892 1062 2939 vett—28
1078 2889 1202 2938 Tereutum
1212 2886 1239 2934 in
1251 2883 1328 2934 codd.

236 2951 301 2997 -29
319 2947 426 3011 Aliquot
438 2949 514 2997 codd.
526 2965 583 2999 curn
596 2951 724 3013 plerisque
736 2952 796 3000 edd.
815 2959 875 3001 unte
888 2952 1006 3014 Pighium
1026 2953 1150 3001 exhibent
1166 2966 1225 2998 sore.
1256 2949 1329 2996 Unus

236 3012 326 3060 lllrem.
337 3011 389 3070 soci
400 3013 560 3062 nutrimentis.
594 3013 694 3061 Deinde
704 3015 828 3076 stamnum
840 3017 924 3064 emour't
935 3029 967 3063 ex
978 3017 1068 3076 Camp.
1082 3017 1146 3077 legit
1162 3013 1284 3076 Piglri1u3
1302 3018 1329 3060 et

236 3075 273 3123 sic
284 3077 363 3125 Barh.
376 3080 398 3124 l.
409 3076 484 3124 Voss.
496 3077 609 3140 quinque
627 3077 725 3127 Medic.
744 3086 772 3125 et
791 3087 890 3140 septem
908 3078 1016 3126 Torrcu.
1048 3079 1197 3125 Lectionem
1214 3080 1328 3123 nostram

133 3166 137 3175 ·
237 3146 366 3188 testantur
378 3139 474 3189 Brand.
486 3143 509 3188 1.
519 3144 544 3188 2.
562 3153 621 3189 curn
640 3140 824 3202 septemdecim
845 3142 954 3190 Torren.
973 3149 1000 3189 ct
1011 3143 1071 3189 Vct.
1094 3139 1231 3188 Torreniue
1246 3139 1330 3199 malit,

236 3203 347 3252 evocarit.
383 3203 446 3253 Mox
459 3218 507 3266 pro
517 3205 582 3253 dedit
595 3205 711 3252 Perizon.
723 3205 807 3253 Bitur.
821 3209 843 3255 1.
859 3213 887 3255 et
899 3205 972 3253 Leid.
984 3209 1009 3253 2.
1028 3218 1087 3253 cum
1106 3202 1197 3252 codice
1207 3201 1327 3251 Tollit.-

236 3271 268 3315 tt)
286 3266 340 3320 Qua
348 3271 405 3330 potu
415 3267 522 3331 Pighius
531 3276 559 3317 et
569 3268 613 3332 qui
625 3282 683 3316 cunr
693 3277 752 3317 sunt
762 3269 854 3319 secuti.
889 3269 1012 3317 Nostram
1030 3268 1167 3316 lectionem
1186 3281 1219 3316 ex
1236 3265 1327 3329 viglnti

236 3329 311 3379 codd.
322 3337 350 3380 et
361 3331 421 3380 edd.
432 3338 496 3380 vett.
511 3333 624 3393 restituit
635 3332 779 3383 Torrentur.
814 3333 864 3382 l’ro
880 3332 952 3394 copiti
963 3333 1025 3382 Vet.
1045 3347 1102 3381 cum
1114 3333 1173 3380 Vat.
1193 3336 1214 3380 l.
1232 3330 1326 3392 Copes.

236 3393 317 3444 Barh.
330 3400 352 3444 l.
364 3395 396 3444 ab
408 3396 460 3445 alia
472 3411 556 3460 manu,
573 3403 601 3445 et
612 3397 685 3445 Leid.
696 3401 721 3445 6.
733 3398 758 3445 in
770 3412 850 3461 marg.
859 3398 1001 3461 petitu-tl
1019 3397 1060 3445 Ite
1071 3387 1168 3446 Brsnd.
1180 3401 1203 3445 l.
1215 3400 1238 3444 2.
1251 3393 1326 3442 Harl.

236 3458 312 3508 Voss.
326 3459 398 3510 Leid.
410 3465 434 3508 5.
446 3464 472 3509 7.
485 3459 604 3510 Perizou.
615 3461 711 3524 Ultruj.
720 3466 774 3511 Lu.
787 3463 858 3526 Mog.
870 3468 897 3510 ct
906 3460 967 3510 Ald.
979 3461 1110 3510 insomniis
1122 3461 1193 3509 dedit
1204 3459 1309 3522 Pighius
1320 3473 1332 3516 3·

236 3530 264 3570 et
276 3523 381 3586 deiude,
391 3539 447 3586 quoe
457 3525 531 3574 neseio
539 3527 644 3576 Deorum
656 3560 663 3574 .
673 3559 693 3576 ..
705 3532 839 3588 pertergere
848 3531 870 3574 et
877 3529 1015 3589 precipere:
1026 3526 1124 3590 aliquot
1133 3523 1326 3586 coddepeugen.

237 3587 533 3650 Venethorumque:
550 3591 637 3638 Vocet.
655 3590 735 3650 legit:
753 3606 769 3639 n
787 3605 830 3653 quo
849 3590 925 3639 nescio
936 3593 970 3640 D.
989 3605 1086 3653 corporo
1104 3605 1146 3638 eun
1166 3590 1280 3652 pertergr‘,
1298 3601 1326 3634 ce

233 3653 348 3714 precepi:
366 3651 416 3700 duo
434 3652 510 3702 codd.
530 3654 608 3718 lipsii
629 3652 724 3704 habent
740 3655 853 3716 proeterge'
871 3659 894 3702 et
912 3655 1028 3718 precepi:
1044 3654 1120 3704 codd.
1133 3653 1259 3715 l'ighiaui‚
1273 3665 1327 3712 per-

235 3720 328 3775 tergere
338 3720 362 3763 et
376 3715 517 3778 precipere:
535 3717 627 3780 Ultraj.
641 3722 663 3784 l.
682 3718 757 3768 Harl.
776 3727 804 3767 et
823 3733 887 3766 unus
905 3720 996 3770 Rbem.
1012 3719 1158 3782 pertergeri:
1177 3719 1249 3767 Voss.
1267 3729 1326 3764 cum

236 3793 287 3830 uno
300 3780 390 3828 Rhem.
401 3781 536 3841 deterreri:
554 3782 626 3831 held.
639 3786 662 3831 ὓ.
673 3783 804 3843 retergeri:
823 3783 906 3832 codex
918 3784 998 3832 Besil.
1015 3799 1030 3832 u
1045 3785 1122 3832 nescio
1139 3798 1182 3845 quo
1193 3783 1226 3831 D.
1238 3780 1327 3828 circem

235 3856 278 3891 euu
288 3843 417 3904 pratergut
428 3848 452 3892 et
460 3845 630 3907 praeut—32
646 3846 726 3894 Multi
738 3846 813 3896 codd.
826 3846 936 3896 habent:
956 3848 1141 3909 lectisternioque
1153 3852 1175 3896 et
1187 3847 1247 3904 ludi,
1259 3843 1326 3908 qnod

237 3906 469 3965 preferuntetiem
481 3922 569 3958 omnes
580 3910 640 3957 edd.
653 3915 712 3958 aute
724 3910 852 3972 Pighius,
869 3911 912 3974 qui
931 3913 1075 3960 lectisternio
1093 3911 1185 3975 ludique
1203 3909 1326 3959 edidit.-

238 3974 270 4018 33
287 3972 351 4022 Vct.
362 3987 421 4022 cum
433 3973 562 4022 nonnullis
578 3973 654 4023 codd.
674 3974 861 4023 constitueretur.
895 3976 957 4024 Mox
978 3990 1024 4039 pro
1043 3979 1146 4024 emturus
1164 3975 1216 4024 duo
1235 3975 1326 4024 Rheni.

634 4065 662 4106 d

727 4119 838 4170 NOTAE

271 4250 283 4284 Β
306 4243 389 4297 Furere
410 4245 503 4308 hostire]
529 4245 631 4310 Nigrae:
660 4254 762 4297 veteres
803 4247 1146 4313 scrisnigrasirntnolabant.

240 4319 306 4370 enirn
325 4320 382 4370 Diis
393 4322 492 4384 superis
504 4321 576 4372 albas
590 4323 763 4388 victimarum·
778 4322 788 4377 l
841 4357 849 4370 .
