3224 5162
483 491 562 540 cnr.
586 491 669 540 vrrr.
693 492 741 539 ou
766 491 988 542 ninneunrs.
1221 477 1288 544 229

197 634 322 699 crebris
336 640 369 699 et
387 632 585 718 ponderosis
600 632 795 697 verberibus
810 635 1039 716 procubuisse,
1064 635 1286 720 omnibusque

196 734 453 800 etcohortibus⁷
475 741 509 798 et
520 732 706 815 legionibus
727 733 803 816 ipse
818 731 1014 815 Carthagine
1030 735 1139 798 visam
1160 736 1286 802 terribi-

194 836 318 900 liorem.
362 835 473 919 Atque
489 834 588 898 etiam
615 852 728 898 cruore
752 852 814 897 sno
840 833 1025 914 gurgitibus
1039 835 1187 912 imbutis,
1212 853 1286 901 cor-

196 938 350 1020 porisque
367 936 510 1020 jacentis
532 934 691 1018 pesnlere
713 933 827 999 efflntn
846 935 960 1001 vicina
978 937 1108 1018 regione
1124 939 1284 1021 pollutn,⁸

197 1037 349 1102 Romana
363 1039 443 1103 inde
460 1037 684 1102 summouisse
699 1035 829 1102 costra?
867 1036 961 1101 Dicit
974 1039 1076 1103 etiem
1086 1047 1118 1104 :⁹
1140 1041 1281 1105 ‘belluae

195 1139 320 1204 corium
336 1155 430 1204 cxx.
444 1139 580 1224 pedum,
595 1141 634 1202 in·
644 1139 769 1204 Urbem
785 1137 963 1204 missum.'t

650 1299 831 1320 mm

193 1414 309 1465 coluerim
320 1413 392 1463 elisis.
424 1412 550 1472 Projnetrr
560 1413 638 1461 Voss.
648 1411 754 1460 ictu—7
772 1410 854 1461 Codd.
866 1412 972 1471 babent,
983 1418 1012 1461 ut
1023 1413 1117 1477 editur,
1127 1415 1168 1464 vel
1178 1417 1282 1468 omnum

191 1485 215 1528 et
225 1478 367 1540 cohortibus,
383 1476 425 1526 vel
436 1477 583 1538 omnibusque
592 1474 740 1524 cohortibus:
754 1474 848 1524 deinde
867 1477 942 1538 iprum
958 1477 1113 1540 (fortiam,
1129 1479 1169 1528 vel
1186 1482 1282 1545 ipsaque

194 1542 360 1605 Coribogirrer
374 1541 436 1590 item
447 1543 498 1589 cieo
508 1539 638 1588 terribilior
648 1543 692 1590 ert.
724 1539 785 1588 Non
802 1539 943 1589 desiderari
966 1543 1069 1604 copulas
1088 1544 1188 1592 censuit
1207 1534 1283 1595 P'eri·
1356 1581 1361 1588 .

192 1607 339 1657 nonius-8
356 1604 478 1667 Plerique
498 1602 573 1653 codd.
584 1603 734 1654 Torrenieni
752 1604 866 1652 retinent
885 1617 973 1653 rocem
990 1606 1086 1666 polluta,
1102 1621 1184 1670 quom.
1197 1611 1281 1660 nescit

192 1671 336 1732 lupen-e
352 1668 384 1717 lu
396 1668 523 1717 nonnullis
540 1667 615 1718 codd.
634 1673 662 1716 et
676 1669 736 1718 Vet.
755 1667 830 1717 deest
849 1668 935 1717 etiem:
954 1669 1039 1718 Coler.
1058 1684 1091 1718 ex
1114 1671 1181 1720 Dan.
1200 1673 1279 1737 legit:

193 1734 265 1784 belua
273 1733 362 1782 cerium
372 1745 437 1781 cxx.
446 1734 540 1794 pedum,
555 1730 581 1780 in
591 1731 670 1780 urum
680 1734 783 1782 misem.
816 1731 847 1780 ln
866 1733 953 1781 multis
970 1733 1076 1782 Torren.
1095 1733 1280 1798 distinguitur:

192 1795 513 1848 Romanuindeeubmoeiese
523 1795 678 1846 contradicit.
705 1797 798 1847 Beltuoe
815 1796 913 1859 corium,
931 1799 973 1860 ise.
1006 1797 1103 1846 Probet
1123 1800 1201 1847 etiem
1222 1802 1279 1850 Mo-

191 1861 248 1911 dine
261 1869 289 1910 ut
299 1861 369 1910 Dicit
380 1866 407 1910 et
417 1862 489 1909 etium
499 1859 644 1909 deleantur.
676 1860 708 1909 ln
720 1861 912 1926 quamplurimis
930 1860 1058 1910 omittitur
1074 1861 1149 1911 codd.
1166 1863 1259 1924 longum
1268 1881 1279 1921 ,·

192 1933 220 1974 et
231 1939 317 1974 omnes
326 1924 423 1973 babent
430 1927 524 1986 pedem,
533 1923 747 1987 quemadmodum
758 1924 784 1973 in
794 1925 901 1973 vetustis
912 1924 971 1974 edd.
983 1933 1037 1975 ert:
1055 1931 1147 1974 centnm
1157 1931 1181 1974 et
1191 1927 1281 1988 viginti

189 1991 274 2050 pedum
284 1989 388 2049 tongum.
420 1987 549 2038 Kloklrinr
559 2002 661 2051 qnoque
672 1988 754 2051 delet,
769 1988 841 2036 Dicit
850 1989 930 2039 etium.

683 2129 789 2180 NO'I'AE
842 2149 844 2152 ’

191 2255 246 2293 rum
258 2247 364 2304 cratem,
376 2242 449 2305 qussi
460 2255 507 2304 per
518 2239 648 2304 obliquum
659 2254 716 2291 seu·
755 2241 852 2292 Slmilie
875 2242 908 2293 de
929 2243 978 2293 hoe
999 2250 1119 2307 serpente
1139 2249 1281 2294 memorent

192 2330 276 2371 torum
285 2319 451 2382 testudinem,
459 2319 621 2369 laberentur:
635 2333 715 2383 quere
757 2317 855 2381 Florus,
870 2319 947 2368 Silius
968 2318 1085 2382 Italicus,
1103 2325 1130 2368 et
1151 2321 1278 2370 Zonaras:

191 2398 306 2448 ballistas
317 2395 404 2446 efferri
424 2396 571 2458 imperarit,
587 2409 634 2457 per
651 2409 715 2458 quos
755 2396 801 2445 red
813 2398 862 2446 bec
874 2397 906 2446 de
918 2412 946 2446 re
954 2397 1086 2447 hactenns.

190 2488 279 2524 sexum
299 2472 395 2522 morule
413 2471 567 2535 spinoeejns
585 2471 714 2520 incussum
787 2469 868 2528 ssAn.
880 2471 919 2520 M.
931 2474 1004 2521 ³79⁰.
1033 2471 1077 2520 01.
1096 2474 1188 2522 lehi.
1216 2469 1280 2522 Urb.

190 2563 339 2617 compagem
361 2548 441 2600 totius
452 2546 568 2610 eorporis
580 2546 667 2608 solvit,
686 2553 714 2596 et
754 2548 785 2599 C.
796 2551 855 2598 498.
880 2545 944 2607 Ant.
955 2545 1004 2596 Cir.
1014 2549 1072 2595 254.

189 2625 440 2676 mcxcireunrventnr
448 2623 505 2674 telis
515 2621 715 2687 oppressorem!
