3210 5158
477 381 557 430 oar.
572 381 597 428 ι.
621 381 668 429 nn
693 381 972 434 nonantrronn.
1200 373 1265 438 417

179 524 341 608 paulatim
357 521 528 586 destruxit.
570 519 673 597 Quid,
698 521 811 603 quod⁶
834 523 924 588 aedes
947 538 1026 588 suas
1049 525 1160 604 diruit,
1183 528 1263 610 quia

180 624 365 687 excelsiore
392 622 469 686 loco
495 622 627 704 positae,
657 621 762 686 instar
789 625 876 687 arcis
898 626 1021 690 habere
1048 625 1259 693 videbantur:
1319 650 1322 656 ¹

177 740 286 786 nonne
316 728 474 805 quantum
504 721 604 786 domo
633 722 777 799 inferior,
807 729 935 788 tanturn
970 726 1074 807 gloria
1108 729 1261 809 superior

175 819 329 888 evasiti*
762 881 765 889 .

219 923 251 986 2.
273 922 343 986 Vix
353 921 451 1004 juvat
466 922 558 987 abire
573 942 595 987 a
619 922 814 1008 Poplicola:
838 924 898 988 sed
922 926 1034 990 venire
1057 925 1100 990 ad
1127 926 1261 992 Furium

177 1021 350 1086 Camillum
363 1021 456 1087 libet.
500 1022 607 1106 Cujus
623 1028 689 1088 tam
703 1023 896 1088 moderatus
913 1044 956 1088 ex
981 1044 1101 1106 magna
1121 1027 1260 1108 ignomi-

174 1122 230 1186 nia
244 1122 287 1186 ad
301 1142 463 1186 summum
473 1123 648 1206 imperium
659 1124 817 1188 transitus
832 1123 908 1200 tuit,
917 1130 966 1200 ut,
980 1142 1055 1188 oum
1069 1125 1262 1206 praesidium

174 1222 247 1306 ejus
262 1225 354 1288 cives
368 1228 469 1306 capta
482 1243 504 1287 a
517 1223 627 1288 Gallis
649 1223 730 1288 urbe
746 1222 865 1286 Ardeae
885 1222 1053 1286 exulantis
1075 1223 1261 1304 petiissent,

174 1342 242 1387 non
256 1324 350 1406 prius
365 1322 471 1386 Veios
487 1323 529 1384 ad
545 1322 775 1405 accipiendum
798 1322 980 1385 exercitum
1003 1322 1075 1396 iret,
1099 1307 1198 1404 quarn
1220 1325 1261 1390 de

174 1422 340 1486 dictatura
375 1439 438 1484 sua
474 1421 588 1483 omnia
623 1420 750 1484 solenni
774 1419 897 1502 jnre⁷l
929 1428 1006 1485 acta
1033 1424 1260 1505 comperisset.

174 1520 376 1603 Magnificus
390 1519 525 1584 Camilli
539 1520 746 1584 Veientanus
762 1520 969 1602 triumphus:
985 1523 1114 1602 egregia
1129 1522 1262 1588 Gallica

175 1621 355 1686 victoria:c
387 1619 448 1684 sed
470 1620 538 1686 ista
564 1621 728 1686 cunctatio
751 1621 850 1698 longe
872 1618 1107 1683 admirabilior.
1151 1603 1260 1688 Multo

175 1722 263 1785 enim
277 1720 466 1804 multoque⁸
489 1722 636 1804 seipsum
651 1739 752 1803 quarn
770 1721 901 1784 hostem
916 1737 1071 1802 superare
1087 1723 1260 1802 operosius

174 1828 237 1899 est,
257 1840 318 1885 nec
333 1819 474 1886 adversa
496 1828 732 1906 praepropera⁹
752 1820 966 1886 festinatione
990 1820 1176 1902 fugientem,
1197 1837 1260 1884 nec

174 1919 320 1986 secunda
334 1921 439 1987 effuso
457 1921 583 2004 gaudio
598 1919 938 2002 apprehendentemrr

215 2019 248 2083 3.
269 2019 338 2082 Par
363 2011 462 2085 Furio
488 2020 715 2084 moderatione
738 2018 888 2083 Marcius
918 2017 1086 2084 Rutiliusd
1107 2018 1258 2088 Censori·

172 2126 277 2182 nns.¹⁰
320 2119 445 2184 Iterum
460 2119 545 2183 enim
560 2137 679 2184 consor
701 2123 842 2194 creatus,
866 2117 910 2182 ad
932 2120 1124 2184 concionem
1150 2139 1259 2202 popu·

172 2218 241 2284 lum
255 2224 410 2285 uocatum
420 2228 443 2258 ¹¹
465 2239 566 2304 quam
579 2219 688 2303 potuit
702 2219 897 2300 gravissima
919 2219 1069 2284 oratione
1089 2220 1257 2302 corripuit,

205 2425 216 2451 0
234 2417 273 2466 lta
286 2422 313 2466 at
323 2417 364 2466 itte
374 2416 415 2480 qai
424 2431 450 2466 aa
460 2413 542 2478 duat,
558 2429 600 2465 aaa
616 2417 714 2465 daura
727 2413 813 2477 fugiat
829 2414 904 2463 maria
911 2411 1076 2475 seminatione,
1091 2425 1133 2460 aaa
1146 2426 1258 2474 praepara

172 2479 328 2546 apprehendat
338 2481 492 2532 tmaoaaata
502 2480 596 2530 latitia.

171 2661 202 2707 at
212 2655 340 2708 referatur
351 2653 382 2702 ad
394 2651 633 2714 antecedentem,
649 2667 700 2703 noa
711 2651 1034 2716 improbante'l‘orren.-d
1051 2647 1143 2710 Ultraj.
1152 2650 1177 2696 8.
1194 2648 1258 2703 Qatd
1297 2679 1301 2696 .

172 2720 327 2787 worm.
358 2717 422 2765 Mox
440 2729 505 2766 nans
524 2715 614 2765 Rham.
632 2724 659 2765 et
677 2718 749 2766 Laid.
766 2723 791 2765 6.
811 2721 897 2777 parato
915 2717 981 2763 domo
996 2713 1158 2774 superma—t
1175 2713 1259 2772 Notat

172 2781 290 2844 Pighius,
307 2780 501 2829 diversameaae
512 2779 660 2840 lectionem,
673 2780 763 2828 mmai
777 2793 855 2835 raam
871 2784 899 2826 et
910 2778 947 2826 aie
957 2777 1029 2826 neta.
1041 2781 1063 2825 l.
1081 2774 1173 2834 Caper.
1193 2790 1258 2825 anua

173 2844 268 2894 libera.
279 2841 413 2892 etMedio.
426 2846 450 2890 l.
474 2843 500 2890 ln
513 2841 583 2890 Leid.
601 2846 626 2890 6.
647 2842 749 2891 videtur
765 2854 832 2899 erae,
846 2841 936 2888 orbani
952 2841 1060 2888 τίει-8
1076 2838 1148 2889 Unus
1167 2838 1257 2888 erem.

172 2908 245 2957 delet
258 2907 382 2968 taedaque
401 2904 468 2969 qnod
492 2912 550 2967 port
571 2905 688 2966 operosius
707 2909 743 2952 eat
764 2903 837 2950 addit
859 2902 930 2950 Laid.
953 2905 1026 2950 7.-8
1050 2901 1093 2948 Ira
1112 2901 1258 2951 emendarit

172 2971 287 3034 Pighius,
305 2971 348 3020 oni
364 2967 454 3018 favent
470 2967 546 3030 longe
562 2968 673 3015 maxima
689 2980 749 3028 para
765 2965 840 3014 codd.
859 2965 965 3013 Torreu.
984 2977 1043 3012 curn
1054 2963 1116 3010 Vet.
1136 2967 1164 3009 et
1184 2964 1257 3025 Meg.

172 3035 249 3098 volgo
260 3033 384 3083 edebatur
392 3034 565 3096 properat—10
582 3029 656 3078 Leid.
666 3033 691 3078 6.
701 3029 865 3078 modaamiae.
898 3027 929 3076 In
940 3025 1017 3076 codd.
1029 3030 1056 3074 et
1072 3024 1132 3074 edd.
1140 3025 1258 3088 omnibus

174 3103 234 3148 anta
256 3097 385 3160 Pighium,
405 3097 443 3145 M.
462 3094 568 3144 Rutiliae
590 3093 804 3144 Canariam-ll
822 3089 902 3140 Barb.
924 3095 948 3139 l.
971 3091 1124 3138 demumr
1141 3087 1213 3138 Laid.
1232 3093 1258 3138 8.

662 3221 770 3272 NOTAE
878 3254 884 3268 .

204 3324 281 3373 *An
293 3322 332 3372 Μ.
344 3325 416 3373 atto.
438 3321 482 3372 01.
493 3325 534 3374 68.
546 3323 570 3369 1.
587 3318 651 3370 Urb.
667 3320 697 3370 0.
736 3331 813 3382 quarn
835 3315 869 3366 ad
893 3314 988 3364 Alliam
1007 3313 1137 3362 vicerant:
1164 3312 1259 3361 iterant

173 3402 229 3450 846.
244 3398 306 3448 Ant·
317 3397 364 3448 Cla.
375 3401 432 3448 681.
736 3391 839 3442 Gabina
849 3391 892 3440 aia
905 3390 937 3439 ad
946 3394 1066 3440 octavam
1081 3386 1203 3450 lapidem,
1215 3386 1259 3435 abi

204 3472 387 3536 bSalaurrr'jare]
396 3471 420 3522 Α
429 3471 559 3533 iionrania,
566 3469 609 3534 qni
616 3468 695 3520 Veios
736 3467 821 3518 omnia
830 3466 915 3516 cardea
931 3463 1051 3526 obtinuit,
1064 3478 1095 3512 ac
1108 3467 1144 3513 'ne
1155 3461 1258 3512 nunuua

171 3546 300 3612 fugerant,
315 3547 407 3596 missar
425 3547 536 3596 Pontius
556 3544 696 3604 Cominius,
735 3542 837 3606 quidem
844 3540 926 3590 cladis
935 3539 1041 3589 relictus
1051 3543 1100 3588 est.

172 3624 215 3687 qai
233 3622 370 3672 Senatores
387 3621 414 3669 in
430 3619 560 3683 Capitolio
580 3617 696 3668 obsessor
767 3615 840 3672 tria.
849 3617 888 3666 M.
899 3619 972 3664 aeos.
999 3613 1043 3662 01.
1052 3615 1092 3663 87.
1100 3616 1126 3662 t.
1150 3609 1214 3660 Urb.
1226 3609 1257 3660 C.

77 3721 79 3725 ·
172 3697 337 3756 consulerem
360 3695 497 3758 datumque
514 3693 546 3746 ab
562 3693 593 3742 iia
609 3692 696 3742 decre·
734 3696 791 3741 864.
808 3690 870 3741 Ant.
880 3692 928 3742 Cla.
939 3693 997 3739 888.

173 3777 236 3833 taor,
248 3785 299 3835 qao
315 3770 354 3820 Μ.
366 3767 488 3819 Camillus
507 3773 643 3816 revocatur
664 3766 697 3814 de
765 3766 893 3816 ‘Marciae
913 3761 1032 3826 Rutilias]
1047 3761 1123 3814 Quod
1144 3759 1258 3810 Marcius

174 3844 350 3910 exiliopopnli
364 3844 439 3912 jussu
459 3842 578 3894 Dictator
596 3841 695 3890 dicare·
735 3843 845 3892 Rutilius
866 3848 893 3890 et
910 3841 1024 3889 Censura
1046 3835 1141 3899 duplici
1162 3840 1259 3898 praeter

174 3926 224 3971 tnr.
735 3907 1258 3978 morem,atntraqnesnnunacumlaude

205 3997 320 4047 e(lrrlliau
331 3992 440 4056 obtorta]
457 3992 503 4042 Bia
515 3989 603 4042 Gallos
615 3989 694 4038 vicit:
734 3991 838 4042 iunctus
857 3988 902 4047 sit,
922 3985 1056 4037 Censorini
1075 3999 1176 4046 nornen,
1204 3991 1257 4035 tura

176 4075 254 4122 semel
271 4077 298 4124 in
315 4076 396 4137 urbe;
422 4074 555 4138 primoque
571 4082 695 4118 concursu
734 4065 792 4128 sibi,
800 4071 853 4116 turn
864 4062 972 4129 portaria
981 4062 1061 4112 etiam
1071 4061 1184 4129 peperit.
1242 4093 1246 4102 ·

175 4143 695 4211 nandmajoremomentoGallifaaiaont,
730 4185 732 4192 .

240 4225 325 4289 naua
334 4233 357 4279 at
366 4229 424 4279 Ver.
437 4230 501 4280 Clas.
648 4223 701 4274 Vel.
713 4223 784 4271 Max.
956 4245 960 4258 ι
1134 4220 1149 4264 8
1167 4215 1192 4264 D
