3386 5262
335 438 357 502 8
573 431 577 440 ’
779 449 985 499 rnnrrrro.

335 601 506 666 facessunt
516 596 705 678 interpreti,
717 615 819 678 quarn
827 596 882 659 vel
894 594 1006 662 decem
1018 602 1076 658 ant
1085 596 1200 677 viginti
1211 599 1428 663 narrationes.

336 703 443 785 Spero
457 705 574 773 tamen,
595 698 759 761 neminem
773 695 884 773 facile,
899 697 958 778 qui
969 696 1022 759 vel
1036 695 1155 759 leviter
1166 697 1286 762 tinctus
1298 699 1430 764 Latinis

335 802 440 865 literis
456 800 511 875 sit,
536 799 664 881 aliquid
687 799 948 863 desideraturum
962 817 1049 874 esse,
1074 799 1163 882 quod
1187 798 1230 861 ad
1244 800 1431 882 intelligen-

337 902 418 966 dum
434 901 601 965 Valerium
611 901 773 984 pertinet;
789 906 825 964 et
833 919 949 965 vereor
963 901 1087 983 potius,
1102 919 1144 962 ne
1157 899 1255 962 nimis
1271 900 1431 984 copiosus

337 1001 538 1085 quibusdam
550 1003 584 1066 in
598 1003 847 1086 interpretando
859 1003 984 1066 videar.
1029 1001 1139 1078 Certe,
1155 1001 1221 1064 nisi
1236 1003 1289 1064 vel
1303 1002 1448 1085 priores

338 1105 593 1170 commentarios
607 1105 799 1170 habuissem
817 1105 933 1181 duces,
949 1104 1002 1169 vel
1016 1104 1197 1186 vulgarium
1213 1103 1433 1186 interpretum

338 1206 504 1272 erroribus
527 1206 654 1270 obicem
670 1224 791 1288 ponere
803 1206 999 1282 voluissem,
1023 1206 1146 1269 multas
1172 1211 1269 1268 notas
1290 1205 1436 1270 libenter

339 1307 535 1371 omisissem.
579 1305 634 1369 Ne
650 1307 805 1370 tamenin
828 1325 1016 1388 quenquam
1033 1305 1171 1389 injurius
1186 1325 1305 1384 essem,
1320 1325 1435 1370 eorum

213 1439 217 1454 ›
337 1409 484 1484 nomina,
508 1425 593 1489 quos
607 1405 759 1484 refutavi,
774 1427 870 1490 saepe
885 1407 1094 1489 multumque
1109 1409 1293 1490 suppressi.
1339 1408 1436 1473 Nihil

340 1509 430 1572 enim
451 1508 587 1573 facilius
612 1515 677 1585 est,
701 1529 802 1592 quam
823 1529 936 1574 avere
960 1511 1125 1585 aberrare,
1148 1509 1338 1593 praesertim
1360 1529 1436 1574 cum

339 1611 470 1674 animus
483 1629 594 1674 rerum
616 1611 827 1675 multitudine
850 1612 1039 1677 offenditur.
1083 1601 1191 1676 Grata
1206 1617 1316 1676 antem
1328 1617 1438 1677 mente

340 1729 499 1791 agnosco,
514 1713 660 1776 virorum
676 1713 848 1777 doctorum
868 1733 977 1788 curas,
1007 1712 1158 1795 inprimis
1175 1713 1300 1794 Pighii,
1316 1712 1439 1790 Celeri,

340 1809 483 1889 Vorstii,
500 1812 677 1892 Perizonii,
690 1821 724 1878 ct
732 1813 895 1893 Torrenii,
907 1815 1086 1898 plurimum
1099 1815 1179 1878 mihi
1187 1815 1363 1899 profuisse.
1387 1814 1440 1876 De

343 1913 476 1994 quibem,
492 1914 648 1997 quoniam
674 1917 719 1980 ad
738 1917 824 1980 bunc
839 1917 953 1980 locum
967 1923 1104 1980 ventum
1119 1922 1183 1991 est,
1205 1935 1316 1998 pauca
1331 1915 1441 1979 dicere

341 2013 433 2080 libet.
476 2015 597 2098 Pighio
620 2019 691 2082 sine
718 2018 823 2081 dubio
838 2018 993 2082 Valerius
1016 2018 1197 2101 plurimum
1214 2017 1323 2094 debet,
1343 2017 1442 2099 isque

342 2116 459 2180 merito
488 2119 671 2201 sospitator
693 2118 820 2183 Valerii
855 2118 1017 2204 appellari
1042 2123 1164 2203 potest,
1195 2119 1284 2183 sicut
1305 2119 1443 2202 Lipsius

343 2213 465 2294 Taciti,
494 2228 555 2283 aut
580 2221 743 2287 Heinsius
771 2220 967 2286 Poetarum.
1012 2220 1172 2284 Plurimis
1203 2220 1363 2282 subsidiis
1392 2220 1443 2280 in-

274 2332 277 2336 ·
344 2324 492 2383 structus
503 2320 546 2384 ad
557 2321 789 2384 illustrandum
800 2321 975 2383 Valerium
987 2323 1254 2395 accesserat3et,
1262 2317 1328 2378 nisi
1342 2316 1443 2380 nimis

345 2418 458 2480 audax
471 2419 592 2480 fuisset
606 2420 641 2481 in
654 2418 814 2481 mutando
830 2424 932 2493 textu,
942 2436 1039 2480 omne
1051 2417 1121 2480 fere
1130 2424 1288 2497 punctum
1304 2416 1443 2480 tulisset.

344 2515 394 2580 At
406 2537 492 2581 nnnc
513 2522 616 2594 secat,
631 2519 708 2593 urit,
728 2523 852 2592 mutat,
879 2516 997 2599 adjicit
1020 2533 1083 2598 pro
1107 2517 1217 2593 libitu,
1243 2521 1281 2580 nt
1305 2517 1444 2581 totidem

345 2619 410 2684 fere
420 2620 498 2684 loca
512 2638 596 2684 sana
609 2619 802 2702 corruperit,
818 2623 901 2701 quot
916 2618 1065 2682 fortasse
1079 2625 1236 2702 corrupta
1255 2616 1447 2684 sanaverat.
1508 2633 1512 2644 ’
1613 2601 1637 2614 ”

346 2721 485 2796 Colerus
500 2720 535 2782 in
550 2721 687 2803 optimis
703 2721 948 2804 Interpretibus
964 2720 1204 2800 numerandus,
1216 2741 1331 2786 rernm
1352 2741 1445 2804 saepe

346 2839 369 2882 a
390 2838 496 2902 scopo
518 2821 714 2902 digreditur,
730 2828 762 2886 et
772 2824 946 2906 praecipue
961 2824 1102 2887 moralia
1116 2823 1295 2901 immiscet,
1309 2824 1447 2888 nimius-

348 2939 414 3002 que
429 2927 482 2986 est
505 2930 634 2986 amator
650 2924 818 3007 pbrasirrm
842 2925 1082 2988 obsoletarum.
1124 2923 1284 2988 Vorstins
1299 2925 1449 3007 priorum

349 3021 569 3106 Interpretum
583 3026 876 3092 observationibus
891 3029 977 3092 bene
993 3030 1108 3106 utitur,
1122 3029 1156 3092 ln
1168 3026 1348 3091 Varietate
1361 3027 1449 3091 ¹Lec-

349 3125 479 3188 tionum
501 3126 600 3190 codd.
616 3128 736 3192 Brand.
762 3128 942 3194 admodum
957 3129 1108 3211 diligens,
1136 3137 1175 3193 et
1188 3131 1257 3193 nisi
1271 3129 1449 3206 latinitas,

350 3225 448 3308 cnjus
481 3235 552 3289 erat
573 3230 854 3307 studiosissimus,
881 3249 963 3293 eum*
981 3231 1114 3310 abripit,
1136 3247 1307 3311 nunquam
1330 3230 1398 3291 fere
1428 3249 1450 3292 a

349 3327 407 3389 via
421 3325 575 3390 deflectit.
619 3326 761 3392 Tractat
778 3334 888 3393 tamen
902 3348 1135 3410 nonnunquam
1150 3329 1310 3408 vulgaria.
1355 3330 1450 3392 Peri·

350 3427 441 3490 zonii
456 3425 562 3491 Notae
578 3428 754 3491 ostendunt
767 3429 873 3492 virum
899 3430 1015 3492 multae
1030 3429 1208 3509 lectionis3
1231 3427 1393 3495 Historias
1409 3449 1449 3494 ac

351 3527 571 3592 Familiarnnr
600 3528 824 3593 Romanarum
852 3529 1117 3612 peritissimum
1146 3536 1181 3592 et
1208 3530 1258 3594 ad·
1276 3530 1450 3596 Valerium

353 3626 521 3693 edendum
536 3632 681 3694 omnium
702 3631 851 3694 maxime
875 3629 1045 3708 idoneum,
1059 3637 1099 3694 nt
1120 3623 1256 3696 'omnino
1269 3632 1451 3698 dolendum

353 3729 411 3807 sit,
425 3747 502 3793 enm
515 3729 570 3794 rel
584 3736 688 3794 morte
701 3734 909 3813 praeventum
920 3731 974 3794 vel
983 3731 1059 3816 aliis
1072 3731 1244 3798 laboribus
1260 3734 1451 3812 distentum,

354 3824 529 3894 Valerium
544 3850 610 3895 non
630 3830 785 3897 edidisse.
828 3831 1011 3896 Torrenius
1025 3833 1123 3897 estin
1137 3833 1337 3915 colligendis
1352 3835 1451 3900 Vari·

357 3930 492 3994 antibus
515 3931 732 3998 Lectionibus
754 3933 1037 4016 diligentissimus,
1065 3935 1156 3998 etin
1183 3936 1365 4017 seligendis
1391 3939 1452 4001 ali·

356 4048 451 4093 orum
476 4027 578 4098 Notis
603 4055 756 4118 magnum
780 4036 890 4119 prodit
911 4036 1090 4120 judicium,
1116 4038 1166 4100 ita
1187 4043 1226 4100 nt
1250 4035 1322 4118 ejus
1338 4033 1453 4104 Editio

356 4132 511 4196 omnibns
531 4135 606 4198 aliis
629 4138 773 4218 palmam
795 4139 976 4222 praeripiat.
1018 4137 1132 4220 Major
1154 4143 1270 4200 temen
1287 4136 1359 4220 ejus
1379 4139 1453 4205 laus

356 4231 486 4298 ridetur
501 4235 534 4296 in
551 4236 667 4300 critica
681 4259 769 4317 esse,
795 4260 896 4322 quam
923 4242 956 4306 in
979 4239 1453 4326 interpretatione-Horum
