<?xml version="1.0" encoding="UTF-8"?>
<!DOCTYPE html PUBLIC "-//W3C//DTD XHTML 1.0 Transitional//EN"
    "http://www.w3.org/TR/xhtml1/DTD/xhtml1-transitional.dtd">
<html xmlns="http://www.w3.org/1999/xhtml" xml:lang="en" lang="en">
 <head>
  <title>
</title>
<meta http-equiv="Content-Type" content="text/html;charset=utf-8" />
  <meta name='ocr-system' content='tesseract 3.04.00' />
  <meta name='ocr-capabilities' content='ocr_page ocr_carea ocr_par ocr_line ocrx_word'/>
</head>
<body>
  <div class='ocr_page' id='page_1' title='image "./valeriimaximifa00maxigoog_0471.png"; bbox 0 0 3210 5158; ppageno 0'>
   <div class='ocr_carea' id='block_1_1' title="bbox 503 431 1297 497">
    <p class='ocr_par' dir='ltr' id='par_1_1' title="bbox 503 431 1297 497">
     <span class='ocr_line' id='line_1_1' title="bbox 503 431 1297 497; baseline 0.013 -11"><span class='ocrx_word' id='word_1_1' title='bbox 503 439 583 488; x_wconf 82' lang='lat' dir='ltr'><strong>ose.</strong></span> <span class='ocrx_word' id='word_1_2' title='bbox 600 439 647 485; x_wconf 78' lang='lat' dir='ltr'><strong>tv,</strong></span> <span class='ocrx_word' id='word_1_3' title='bbox 673 439 719 489; x_wconf 83' lang='lat' dir='ltr'><strong>ott</strong></span> <span class='ocrx_word' id='word_1_4' title='bbox 743 441 1002 494; x_wconf 69' lang='lat' dir='ltr'><strong>recensurus.</strong></span> <span class='ocrx_word' id='word_1_5' title='bbox 1231 431 1297 497; x_wconf 77' lang='lat' dir='ltr'><strong>tto</strong></span> 
     </span>
    </p>
   </div>
   <div class='ocr_carea' id='block_1_2' title="bbox 203 578 1296 1779">
    <p class='ocr_par' dir='ltr' id='par_1_2' title="bbox 203 578 1296 1658">
     <span class='ocr_line' id='line_1_2' title="bbox 252 578 1295 664; baseline 0.007 -18"><span class='ocrx_word' id='word_1_6' title='bbox 252 586 283 648; x_wconf 84' lang='lat'><strong>5.</strong></span> <span class='ocrx_word' id='word_1_7' title='bbox 306 581 446 648; x_wconf 83' lang='lat' dir='ltr'><strong>Atilium</strong></span> <span class='ocrx_word' id='word_1_8' title='bbox 457 591 481 631; x_wconf 92' lang='lat'><strong>¹⁷</strong></span> <span class='ocrx_word' id='word_1_9' title='bbox 491 578 503 618; x_wconf 80' lang='lat'><strong>¹¹</strong></span> <span class='ocrx_word' id='word_1_10' title='bbox 524 587 647 658; x_wconf 85' lang='lat' dir='ltr'><strong>autem,</strong></span> <span class='ocrx_word' id='word_1_11' title='bbox 661 584 718 664; x_wconf 91' lang='lat' dir='ltr'><strong>qui</strong></span> <span class='ocrx_word' id='word_1_12' title='bbox 734 583 776 646; x_wconf 84' lang='lat' dir='ltr'><strong>nd</strong></span> <span class='ocrx_word' id='word_1_13' title='bbox 791 604 868 648; x_wconf 90' lang='lat' dir='ltr'><strong>eum</strong></span> <span class='ocrx_word' id='word_1_14' title='bbox 885 584 1120 649; x_wconf 86' lang='lat' dir='ltr'><strong>arcessendum</strong></span> <span class='ocrx_word' id='word_1_15' title='bbox 1144 594 1295 653; x_wconf 79' lang='lat' dir='ltr'><strong>assueta</strong></span> 
     </span>
     <span class='ocr_line' id='line_1_3' title="bbox 210 683 1296 769; baseline 0.004 -21"><span class='ocrx_word' id='word_1_16' title='bbox 210 686 301 748; x_wconf 87' lang='lat' dir='ltr'><strong>missi</strong></span> <span class='ocrx_word' id='word_1_17' title='bbox 314 693 405 748; x_wconf 84' lang='lat' dir='ltr'><strong>erant</strong></span> <span class='ocrx_word' id='word_1_18' title='bbox 418 683 462 748; x_wconf 82' lang='lat' dir='ltr'><strong>ed</strong></span> <span class='ocrx_word' id='word_1_19' title='bbox 477 683 651 765; x_wconf 87' lang='lat' dir='ltr'><strong>imperium</strong></span> <span class='ocrx_word' id='word_1_20' title='bbox 665 684 784 766; x_wconf 92' lang='lat' dir='ltr'><strong>populi</strong></span> <span class='ocrx_word' id='word_1_21' title='bbox 804 684 906 758; x_wconf 84' lang='lat' dir='ltr'><strong>Rom.</strong></span> <span class='ocrx_word' id='word_1_22' title='bbox 924 687 1183 769; x_wconf 88' lang='lat' dir='ltr'><strong>suscipiendum,</strong></span> <span class='ocrx_word' id='word_1_23' title='bbox 1199 689 1296 752; x_wconf 84' lang='lat' dir='ltr'><strong>semi·</strong></span> 
     </span>
     <span class='ocr_line' id='line_1_4' title="bbox 207 783 1294 870; baseline 0.005 -21"><span class='ocrx_word' id='word_1_24' title='bbox 207 805 253 849; x_wconf 86' lang='lat' dir='ltr'><strong>na</strong></span> <span class='ocrx_word' id='word_1_25' title='bbox 266 793 476 868; x_wconf 72' lang='lat' dir='ltr'><strong>spargentem</strong></span> <span class='ocrx_word' id='word_1_26' title='bbox 487 783 512 822; x_wconf 83' lang='lat'><strong>¹⁸</strong></span> <span class='ocrx_word' id='word_1_27' title='bbox 534 783 695 849; x_wconf 86' lang='lat' dir='ltr'><strong>viderunt.</strong></span> <span class='ocrx_word' id='word_1_28' title='bbox 741 784 810 847; x_wconf 89' lang='lat' dir='ltr'><strong>Sed</strong></span> <span class='ocrx_word' id='word_1_29' title='bbox 825 785 892 849; x_wconf 88' lang='lat' dir='ltr'><strong>illae</strong></span> <span class='ocrx_word' id='word_1_30' title='bbox 906 788 1030 850; x_wconf 89' lang='lat' dir='ltr'><strong>rustico</strong></span> <span class='ocrx_word' id='word_1_31' title='bbox 1052 806 1155 870; x_wconf 88' lang='lat' dir='ltr'><strong>opere</strong></span> <span class='ocrx_word' id='word_1_32' title='bbox 1169 789 1294 854; x_wconf 72' lang='lat' dir='ltr'><strong>aurite</strong></span> 
     </span>
     <span class='ocr_line' id='line_1_5' title="bbox 207 884 1295 968; baseline 0.002 -18"><span class='ocrx_word' id='word_1_33' title='bbox 207 907 327 952; x_wconf 85' lang='lat' dir='ltr'><strong>monus</strong></span> <span class='ocrx_word' id='word_1_34' title='bbox 353 888 494 957; x_wconf 79' lang='lat' dir='ltr'><strong>salutern</strong></span> <span class='ocrx_word' id='word_1_35' title='bbox 521 884 691 968; x_wconf 84' lang='lat' dir='ltr'><strong>publicam</strong></span> <span class='ocrx_word' id='word_1_36' title='bbox 726 885 952 950; x_wconf 81' lang='lat' dir='ltr'><strong>stabilierunt:</strong></span> <span class='ocrx_word' id='word_1_37' title='bbox 974 888 1120 968; x_wconf 77' lang='lat' dir='ltr'>ingentes</span> <span class='ocrx_word' id='word_1_38' title='bbox 1141 888 1295 960; x_wconf 58' lang='lat' dir='ltr'><strong>‚bostium</strong></span> 
     </span>
     <span class='ocr_line' id='line_1_6' title="bbox 207 986 1295 1070; baseline 0.002 -18"><span class='ocrx_word' id='word_1_39' title='bbox 207 990 325 1070; x_wconf 82' lang='lat' dir='ltr'><strong>copies</strong></span> <span class='ocrx_word' id='word_1_40' title='bbox 339 987 647 1070; x_wconf 87' lang='lat' dir='ltr'><strong>pessumdederunt.</strong></span> <span class='ocrx_word' id='word_1_41' title='bbox 692 986 845 1069; x_wconf 79' lang='lat' dir='ltr'><strong>Quaeque</strong></span> <span class='ocrx_word' id='word_1_42' title='bbox 873 987 974 1050; x_wconf 88' lang='lat' dir='ltr'><strong>modo</strong></span> <span class='ocrx_word' id='word_1_43' title='bbox 1003 989 1166 1060; x_wconf 78' lang='lat' dir='ltr'><strong>arantium</strong></span> <span class='ocrx_word' id='word_1_44' title='bbox 1191 991 1295 1054; x_wconf 88' lang='lat' dir='ltr'><strong>boum</strong></span> 
     </span>
     <span class='ocr_line' id='line_1_7' title="bbox 203 1088 1294 1172; baseline 0.003 -20"><span class='ocrx_word' id='word_1_45' title='bbox 203 1088 320 1171; x_wconf 81' lang='lat' dir='ltr'><strong>jugum</strong></span> <span class='ocrx_word' id='word_1_46' title='bbox 337 1095 502 1167; x_wconf 68' lang='lat' dir='ltr'><strong>renuant,</strong></span> <span class='ocrx_word' id='word_1_47' title='bbox 526 1088 734 1172; x_wconf 83' lang='lat' dir='ltr'><strong>triumphalis</strong></span> <span class='ocrx_word' id='word_1_48' title='bbox 758 1107 873 1152; x_wconf 86' lang='lat' dir='ltr'><strong>currus</strong></span> <span class='ocrx_word' id='word_1_49' title='bbox 898 1088 1047 1155; x_wconf 82' lang='lat' dir='ltr'><strong>hebenus</strong></span> <span class='ocrx_word' id='word_1_50' title='bbox 1074 1092 1294 1162; x_wconf 88' lang='lat' dir='ltr'><strong>retinuerunt:</strong></span> 
     </span>
     <span class='ocr_line' id='line_1_8' title="bbox 206 1187 1295 1273; baseline 0 -19"><span class='ocrx_word' id='word_1_51' title='bbox 206 1209 266 1254; x_wconf 89' lang='lat' dir='ltr'><strong>nac</strong></span> <span class='ocrx_word' id='word_1_52' title='bbox 280 1189 345 1256; x_wconf 86' lang='lat' dir='ltr'><strong>fuit</strong></span> <span class='ocrx_word' id='word_1_53' title='bbox 364 1193 406 1255; x_wconf 83' lang='lat' dir='ltr'><strong>iis</strong></span> <span class='ocrx_word' id='word_1_54' title='bbox 427 1192 577 1268; x_wconf 86' lang='lat' dir='ltr'><strong>rubori,¹⁹</strong></span> <span class='ocrx_word' id='word_1_55' title='bbox 598 1191 742 1254; x_wconf 87' lang='lat' dir='ltr'><strong>eburneo</strong></span> <span class='ocrx_word' id='word_1_56' title='bbox 764 1187 931 1272; x_wconf 88' lang='lat' dir='ltr'><strong>scipione¹</strong></span> <span class='ocrx_word' id='word_1_57' title='bbox 950 1190 1117 1273; x_wconf 88' lang='lat' dir='ltr'><strong>deposito,</strong></span> <span class='ocrx_word' id='word_1_58' title='bbox 1132 1199 1295 1273; x_wconf 74' lang='lat' dir='ltr'><strong>agrestem</strong></span> 
     </span>
     <span class='ocr_line' id='line_1_9' title="bbox 204 1290 1294 1374; baseline 0 -18"><span class='ocrx_word' id='word_1_59' title='bbox 204 1293 327 1358; x_wconf 82' lang='lat' dir='ltr'><strong>stivam</strong></span> <span class='ocrx_word' id='word_1_60' title='bbox 344 1294 442 1359; x_wconf 80' lang='lat' dir='ltr'>aratri</span> <span class='ocrx_word' id='word_1_61' title='bbox 458 1299 612 1374; x_wconf 87' lang='lat' dir='ltr'><strong>repetere.</strong></span> <span class='ocrx_word' id='word_1_62' title='bbox 658 1292 776 1356; x_wconf 86' lang='lat' dir='ltr'><strong>Potest</strong></span> <span class='ocrx_word' id='word_1_63' title='bbox 790 1310 955 1373; x_wconf 76' lang='lat' dir='ltr'><strong>pauperes</strong></span> <span class='ocrx_word' id='word_1_64' title='bbox 971 1293 1135 1366; x_wconf 76' lang='lat' dir='ltr'><strong>consolari</strong></span> <span class='ocrx_word' id='word_1_65' title='bbox 1150 1290 1294 1358; x_wconf 82' lang='lat' dir='ltr'><strong>Atilius:</strong></span> 
     </span>
     <span class='ocr_line' id='line_1_10' title="bbox 206 1393 1296 1475; baseline 0.002 -17"><span class='ocrx_word' id='word_1_66' title='bbox 206 1394 265 1458; x_wconf 89' lang='lat' dir='ltr'><strong>sed</strong></span> <span class='ocrx_word' id='word_1_67' title='bbox 290 1396 395 1461; x_wconf 85' lang='lat' dir='ltr'><strong>multo</strong></span> <span class='ocrx_word' id='word_1_68' title='bbox 417 1396 524 1475; x_wconf 82' lang='lat' dir='ltr'><strong>magis</strong></span> <span class='ocrx_word' id='word_1_69' title='bbox 545 1393 665 1456; x_wconf 88' lang='lat' dir='ltr'><strong>docere</strong></span> <span class='ocrx_word' id='word_1_70' title='bbox 687 1393 878 1474; x_wconf 80' lang='lat' dir='ltr'><strong>locupletes,</strong></span> <span class='ocrx_word' id='word_1_71' title='bbox 894 1412 996 1474; x_wconf 85' lang='lat' dir='ltr'><strong>quem</strong></span> <span class='ocrx_word' id='word_1_72' title='bbox 1019 1413 1086 1460; x_wconf 88' lang='lat' dir='ltr'><strong>nou</strong></span> <span class='ocrx_word' id='word_1_73' title='bbox 1109 1395 1154 1460; x_wconf 85' lang='lat' dir='ltr'><strong>sit</strong></span> <span class='ocrx_word' id='word_1_74' title='bbox 1177 1415 1296 1461; x_wconf 66' lang='lat' dir='ltr'><strong>neces</strong></span> 
     </span>
     <span class='ocr_line' id='line_1_11' title="bbox 205 1492 1295 1582; baseline 0.002 -24"><span class='ocrx_word' id='word_1_75' title='bbox 205 1495 294 1558; x_wconf 84' lang='lat' dir='ltr'><strong>seria</strong></span> <span class='ocrx_word' id='word_1_76' title='bbox 318 1494 438 1566; x_wconf 84' lang='lat' dir='ltr'><strong>solides</strong></span> <span class='ocrx_word' id='word_1_77' title='bbox 464 1493 576 1564; x_wconf 82' lang='lat' dir='ltr'><strong>laudis</strong></span> <span class='ocrx_word' id='word_1_78' title='bbox 605 1492 750 1575; x_wconf 80' lang='lat' dir='ltr'><strong>cupidini</strong></span> <span class='ocrx_word' id='word_1_79' title='bbox 780 1494 880 1559; x_wconf 78' lang='lat' dir='ltr'><strong>euxia</strong></span> <span class='ocrx_word' id='word_1_80' title='bbox 893 1499 921 1530; x_wconf 82' lang='lat'><strong>²⁰</strong></span> <span class='ocrx_word' id='word_1_81' title='bbox 941 1493 1131 1559; x_wconf 86' lang='lat' dir='ltr'><strong>divitiarum</strong></span> <span class='ocrx_word' id='word_1_82' title='bbox 1158 1515 1295 1582; x_wconf 77' lang='lat' dir='ltr'><strong>compa·</strong></span> 
     </span>
     <span class='ocr_line' id='line_1_12' title="bbox 204 1595 296 1658; baseline -0.011 0"><span class='ocrx_word' id='word_1_83' title='bbox 204 1595 296 1658; x_wconf 85' lang='lat' dir='ltr'><strong>cutio.</strong></span> 
     </span>
    </p>

    <p class='ocr_par' dir='ltr' id='par_1_3' title="bbox 246 1692 1294 1779">
     <span class='ocr_line' id='line_1_13' title="bbox 246 1692 1294 1779; baseline 0.004 -21"><span class='ocrx_word' id='word_1_84' title='bbox 246 1695 278 1758; x_wconf 83' lang='lat'><strong>6.</strong></span> <span class='ocrx_word' id='word_1_85' title='bbox 302 1692 462 1778; x_wconf 83' lang='lat' dir='ltr'><strong>Ejusdem</strong></span> <span class='ocrx_word' id='word_1_86' title='bbox 472 1694 614 1766; x_wconf 88' lang='lat' dir='ltr'><strong>nominis</strong></span> <span class='ocrx_word' id='word_1_87' title='bbox 629 1700 662 1759; x_wconf 87' lang='lat' dir='ltr'><strong>et</strong></span> <span class='ocrx_word' id='word_1_88' title='bbox 673 1695 842 1776; x_wconf 77' lang='lat' dir='ltr'><strong>sauguinis</strong></span> <span class='ocrx_word' id='word_1_89' title='bbox 858 1693 984 1768; x_wconf 84' lang='lat' dir='ltr'><strong>Atilius</strong></span> <span class='ocrx_word' id='word_1_90' title='bbox 996 1695 1149 1777; x_wconf 78' lang='lat' dir='ltr'><strong>Regulus</strong></span> <span class='ocrx_word' id='word_1_91' title='bbox 1160 1705 1180 1734; x_wconf 74' lang='lat'><strong>¹⁰</strong></span> <span class='ocrx_word' id='word_1_92' title='bbox 1196 1697 1294 1779; x_wconf 84' lang='lat' dir='ltr'><strong>primi</strong></span> 
     </span>
    </p>
   </div>
   <div class='ocr_carea' id='block_1_3' title="bbox 201 1988 1295 2567">
    <p class='ocr_par' dir='ltr' id='par_1_4' title="bbox 201 1988 1295 2567">
     <span class='ocr_line' id='line_1_14' title="bbox 204 1988 1294 2052; baseline 0.005 -16"><span class='ocrx_word' id='word_1_93' title='bbox 204 1989 302 2052; x_wconf 62' lang='lat' dir='ltr'><strong>iperi,-</strong></span> <span class='ocrx_word' id='word_1_94' title='bbox 318 1988 397 2040; x_wconf 84' lang='lat' dir='ltr'><strong>Barb.</strong></span> <span class='ocrx_word' id='word_1_95' title='bbox 408 1993 431 2038; x_wconf 88' lang='lat'><strong>1.</strong></span> <span class='ocrx_word' id='word_1_96' title='bbox 448 1989 517 2050; x_wconf 69' lang='lat' dir='ltr'><strong>grati</strong></span> <span class='ocrx_word' id='word_1_97' title='bbox 528 1989 675 2050; x_wconf 75' lang='lat' dir='ltr'><strong>relignarir</strong></span> <span class='ocrx_word' id='word_1_98' title='bbox 692 1989 764 2043; x_wconf 76' lang='lat' dir='ltr'><strong>neto.</strong></span> <span class='ocrx_word' id='word_1_99' title='bbox 782 1993 806 2039; x_wconf 82' lang='grc'><strong>7.</strong></span> <span class='ocrx_word' id='word_1_100' title='bbox 824 1989 979 2050; x_wconf 74' lang='lat' dir='ltr'><strong>ignari-ld</strong></span> <span class='ocrx_word' id='word_1_101' title='bbox 996 1988 1037 2038; x_wconf 86' lang='lat' dir='ltr'><strong>Ita</strong></span> <span class='ocrx_word' id='word_1_102' title='bbox 1055 2002 1144 2038; x_wconf 86' lang='lat' dir='ltr'><strong>omues</strong></span> <span class='ocrx_word' id='word_1_103' title='bbox 1163 1988 1294 2052; x_wconf 79' lang='lat' dir='ltr'><strong>Pigbiaai,</strong></span> 
     </span>
     <span class='ocr_line' id='line_1_15' title="bbox 205 2052 1293 2116; baseline 0 -14"><span class='ocrx_word' id='word_1_104' title='bbox 205 2053 335 2102; x_wconf 77' lang='lat' dir='ltr'><strong>Brundi.</strong></span> <span class='ocrx_word' id='word_1_105' title='bbox 346 2057 371 2102; x_wconf 72' lang='lat'><strong>2.</strong></span> <span class='ocrx_word' id='word_1_106' title='bbox 389 2053 479 2101; x_wconf 87' lang='lat' dir='ltr'><strong>Leidd.</strong></span> <span class='ocrx_word' id='word_1_107' title='bbox 491 2057 515 2103; x_wconf 74' lang='lat'><strong>8.</strong></span> <span class='ocrx_word' id='word_1_108' title='bbox 527 2057 551 2102; x_wconf 78' lang='lat'><strong>5.</strong></span> <span class='ocrx_word' id='word_1_109' title='bbox 571 2053 689 2103; x_wconf 91' lang='lat' dir='ltr'><strong>etmulti</strong></span> <span class='ocrx_word' id='word_1_110' title='bbox 708 2054 818 2104; x_wconf 87' lang='lat' dir='ltr'><strong>Torren.</strong></span> <span class='ocrx_word' id='word_1_111' title='bbox 837 2052 983 2101; x_wconf 77' lang='lat' dir='ltr'><strong>arcessebant</strong></span> <span class='ocrx_word' id='word_1_112' title='bbox 1005 2054 1073 2100; x_wconf 77' lang='lat' dir='ltr'><strong>Dan.</strong></span> <span class='ocrx_word' id='word_1_113' title='bbox 1091 2060 1119 2101; x_wconf 91' lang='lat' dir='ltr'><strong>et</strong></span> <span class='ocrx_word' id='word_1_114' title='bbox 1138 2053 1175 2101; x_wconf 91' lang='lat' dir='ltr'><strong>sic</strong></span> <span class='ocrx_word' id='word_1_115' title='bbox 1196 2053 1293 2116; x_wconf 87' lang='lat' dir='ltr'><strong>Delpb.</strong></span> 
     </span>
     <span class='ocr_line' id='line_1_16' title="bbox 203 2115 1293 2180; baseline 0.002 -14"><span class='ocrx_word' id='word_1_116' title='bbox 203 2116 349 2171; x_wconf 80' lang='lat' dir='ltr'><strong>eccereebaat</strong></span> <span class='ocrx_word' id='word_1_117' title='bbox 366 2117 440 2168; x_wconf 86' lang='lat' dir='ltr'><strong>Harl.</strong></span> <span class='ocrx_word' id='word_1_118' title='bbox 460 2123 488 2166; x_wconf 87' lang='lat' dir='ltr'><strong>et</strong></span> <span class='ocrx_word' id='word_1_119' title='bbox 508 2116 570 2166; x_wconf 87' lang='lat' dir='ltr'><strong>edd.</strong></span> <span class='ocrx_word' id='word_1_120' title='bbox 589 2125 653 2166; x_wconf 85' lang='lat' dir='ltr'><strong>vett.</strong></span> <span class='ocrx_word' id='word_1_121' title='bbox 672 2118 806 2166; x_wconf 69' lang='lat' dir='ltr'><strong>comdant</strong></span> <span class='ocrx_word' id='word_1_122' title='bbox 819 2115 915 2180; x_wconf 88' lang='lat' dir='ltr'><strong>Ultrsj.</strong></span> <span class='ocrx_word' id='word_1_123' title='bbox 928 2122 952 2168; x_wconf 65' lang='grc' dir='ltr'><strong>Β.</strong></span> <span class='ocrx_word' id='word_1_124' title='bbox 968 2115 1098 2179; x_wconf 82' lang='lat' dir='ltr'><strong>efferebant</strong></span> <span class='ocrx_word' id='word_1_125' title='bbox 1109 2117 1193 2168; x_wconf 87' lang='lat' dir='ltr'><strong>Bitur.</strong></span> <span class='ocrx_word' id='word_1_126' title='bbox 1205 2120 1293 2169; x_wconf 72' lang='grc' dir='ltr'><strong>1.-1ῖ</strong></span> 
     </span>
     <span class='ocr_line' id='line_1_17' title="bbox 204 2180 1293 2246; baseline 0 -16"><span class='ocrx_word' id='word_1_127' title='bbox 204 2182 275 2231; x_wconf 88' lang='lat' dir='ltr'><strong>Huic</strong></span> <span class='ocrx_word' id='word_1_128' title='bbox 285 2182 404 2243; x_wconf 86' lang='lat' dir='ltr'><strong>exemplo</strong></span> <span class='ocrx_word' id='word_1_129' title='bbox 416 2180 507 2229; x_wconf 88' lang='lat' dir='ltr'><strong>titulus</strong></span> <span class='ocrx_word' id='word_1_130' title='bbox 519 2180 661 2244; x_wconf 75' lang='lat' dir='ltr'><strong>prefigitur</strong></span> <span class='ocrx_word' id='word_1_131' title='bbox 679 2182 704 2228; x_wconf 90' lang='lat' dir='ltr'><strong>in</strong></span> <span class='ocrx_word' id='word_1_132' title='bbox 722 2188 824 2231; x_wconf 79' lang='lat' dir='ltr'><strong>vetusto</strong></span> <span class='ocrx_word' id='word_1_133' title='bbox 843 2182 900 2230; x_wconf 89' lang='lat' dir='ltr'><strong>cod.</strong></span> <span class='ocrx_word' id='word_1_134' title='bbox 920 2181 1051 2242; x_wconf 84' lang='lat' dir='ltr'><strong>Glareani,</strong></span> <span class='ocrx_word' id='word_1_135' title='bbox 1069 2180 1221 2230; x_wconf 79' lang='lat' dir='ltr'><strong>DcAttiiio:</strong></span> <span class='ocrx_word' id='word_1_136' title='bbox 1238 2182 1293 2246; x_wconf 89' lang='lat' dir='ltr'><strong>qui-</strong></span> 
     </span>
     <span class='ocr_line' id='line_1_18' title="bbox 203 2243 1294 2311; baseline 0.001 -17"><span class='ocrx_word' id='word_1_137' title='bbox 203 2245 262 2295; x_wconf 88' lang='lat' dir='ltr'><strong>dam</strong></span> <span class='ocrx_word' id='word_1_138' title='bbox 275 2243 435 2308; x_wconf 85' lang='lat' dir='ltr'><strong>adjecerunt,</strong></span> <span class='ocrx_word' id='word_1_139' title='bbox 448 2243 628 2294; x_wconf 57' lang='lat' dir='ltr'><strong>Calathe-18</strong></span> <span class='ocrx_word' id='word_1_140' title='bbox 646 2244 688 2293; x_wconf 91' lang='lat' dir='ltr'><strong>Ita</strong></span> <span class='ocrx_word' id='word_1_141' title='bbox 699 2245 805 2308; x_wconf 78' lang='lat' dir='ltr'><strong>Pighius</strong></span> <span class='ocrx_word' id='word_1_142' title='bbox 816 2260 831 2295; x_wconf 91' lang='lat' dir='ltr'><strong>e</strong></span> <span class='ocrx_word' id='word_1_143' title='bbox 843 2245 947 2295; x_wconf 81' lang='lat' dir='ltr'><strong>Gembl.</strong></span> <span class='ocrx_word' id='word_1_144' title='bbox 965 2245 1094 2308; x_wconf 82' lang='lat' dir='ltr'><strong>beiretque</strong></span> <span class='ocrx_word' id='word_1_145' title='bbox 1110 2245 1146 2294; x_wconf 82' lang='lat' dir='ltr'><strong>ita</strong></span> <span class='ocrx_word' id='word_1_146' title='bbox 1158 2258 1222 2294; x_wconf 86' lang='lat' dir='ltr'><strong>unns</strong></span> <span class='ocrx_word' id='word_1_147' title='bbox 1232 2260 1294 2311; x_wconf 89' lang='lat' dir='ltr'><strong>qno·</strong></span> 
     </span>
     <span class='ocr_line' id='line_1_19' title="bbox 203 2309 1293 2373; baseline 0.002 -16"><span class='ocrx_word' id='word_1_148' title='bbox 203 2323 251 2373; x_wconf 83' lang='lat' dir='ltr'><strong>que</strong></span> <span class='ocrx_word' id='word_1_149' title='bbox 262 2309 359 2360; x_wconf 84' lang='lat' dir='ltr'><strong>Braud.</strong></span> <span class='ocrx_word' id='word_1_150' title='bbox 370 2311 463 2359; x_wconf 78' lang='lat' dir='ltr'><strong>ett&#39;et.</strong></span> <span class='ocrx_word' id='word_1_151' title='bbox 474 2323 549 2358; x_wconf 75' lang='lat' dir='ltr'><strong>cemes</strong></span> <span class='ocrx_word' id='word_1_152' title='bbox 559 2315 718 2372; x_wconf 64' lang='lat' dir='ltr'><strong>magestras</strong></span> <span class='ocrx_word' id='word_1_153' title='bbox 729 2312 795 2358; x_wconf 88' lang='lat' dir='ltr'><strong>alter</strong></span> <span class='ocrx_word' id='word_1_154' title='bbox 806 2310 901 2359; x_wconf 74' lang='lat' dir='ltr'><strong>Brund.</strong></span> <span class='ocrx_word' id='word_1_155' title='bbox 912 2325 969 2359; x_wconf 86' lang='lat' dir='ltr'><strong>curn</strong></span> <span class='ocrx_word' id='word_1_156' title='bbox 981 2310 1067 2358; x_wconf 87' lang='lat' dir='ltr'><strong>multis</strong></span> <span class='ocrx_word' id='word_1_157' title='bbox 1078 2310 1183 2358; x_wconf 75' lang='lat' dir='ltr'><strong>Porsen.</strong></span> <span class='ocrx_word' id='word_1_158' title='bbox 1195 2317 1221 2357; x_wconf 90' lang='lat' dir='ltr'><strong>et</strong></span> <span class='ocrx_word' id='word_1_159' title='bbox 1232 2309 1293 2359; x_wconf 88' lang='lat' dir='ltr'><strong>edd.</strong></span> 
     </span>
     <span class='ocr_line' id='line_1_20' title="bbox 204 2373 1294 2437; baseline 0.001 -15"><span class='ocrx_word' id='word_1_160' title='bbox 204 2380 355 2424; x_wconf 73' lang='lat' dir='ltr'><strong>esttamen</strong></span> <span class='ocrx_word' id='word_1_161' title='bbox 365 2378 525 2437; x_wconf 75' lang='lat' dir='ltr'><strong>aspergentem</strong></span> <span class='ocrx_word' id='word_1_162' title='bbox 534 2374 671 2422; x_wconf 82' lang='lat' dir='ltr'><strong>inuenerunt</strong></span> <span class='ocrx_word' id='word_1_163' title='bbox 683 2375 747 2422; x_wconf 78' lang='lat' dir='ltr'><strong>Eric.</strong></span> <span class='ocrx_word' id='word_1_164' title='bbox 759 2373 916 2436; x_wconf 67' lang='lat' dir='ltr'><strong>steph-19</strong></span> <span class='ocrx_word' id='word_1_165' title='bbox 931 2373 1013 2423; x_wconf 87' lang='lat' dir='ltr'><strong>Codd.</strong></span> <span class='ocrx_word' id='word_1_166' title='bbox 1030 2373 1167 2422; x_wconf 87' lang='lat' dir='ltr'><strong>duodecim</strong></span> <span class='ocrx_word' id='word_1_167' title='bbox 1186 2374 1294 2423; x_wconf 84' lang='lat' dir='ltr'><strong>Torren.</strong></span> 
     </span>
     <span class='ocr_line' id='line_1_21' title="bbox 201 2437 1294 2502; baseline -0.002 -14"><span class='ocrx_word' id='word_1_168' title='bbox 201 2453 261 2488; x_wconf 87' lang='lat' dir='ltr'><strong>cnm</strong></span> <span class='ocrx_word' id='word_1_169' title='bbox 273 2440 332 2490; x_wconf 89' lang='lat' dir='ltr'><strong>edd.</strong></span> <span class='ocrx_word' id='word_1_170' title='bbox 344 2440 430 2502; x_wconf 74' lang='lat' dir='ltr'><strong>vuigg.</strong></span> <span class='ocrx_word' id='word_1_171' title='bbox 443 2445 471 2488; x_wconf 89' lang='lat' dir='ltr'><strong>et</strong></span> <span class='ocrx_word' id='word_1_172' title='bbox 484 2439 541 2488; x_wconf 87' lang='lat' dir='ltr'><strong>Vet.</strong></span> <span class='ocrx_word' id='word_1_173' title='bbox 553 2438 638 2496; x_wconf 65' lang='lat' dir='ltr'><strong>rubum·</strong></span> <span class='ocrx_word' id='word_1_174' title='bbox 653 2438 750 2502; x_wconf 84' lang='lat' dir='ltr'><strong>Uitrsj.</strong></span> <span class='ocrx_word' id='word_1_175' title='bbox 763 2441 786 2486; x_wconf 91' lang='lat'><strong>1.</strong></span> <span class='ocrx_word' id='word_1_176' title='bbox 797 2442 820 2486; x_wconf 79' lang='lat'><strong>2.</strong></span> <span class='ocrx_word' id='word_1_177' title='bbox 832 2445 860 2486; x_wconf 87' lang='lat' dir='ltr'><strong>et</strong></span> <span class='ocrx_word' id='word_1_178' title='bbox 870 2439 941 2500; x_wconf 72' lang='lat' dir='ltr'><strong>Meg.</strong></span> <span class='ocrx_word' id='word_1_179' title='bbox 959 2437 1112 2492; x_wconf 69' lang='lat' dir='ltr'><strong>rubori—20</strong></span> <span class='ocrx_word' id='word_1_180' title='bbox 1126 2439 1134 2468; x_wconf 83' lang='lat'><strong><em>⁴</em></strong></span> <span class='ocrx_word' id='word_1_181' title='bbox 1146 2438 1189 2486; x_wconf 79' lang='lat' dir='ltr'><strong>Sic</strong></span> <span class='ocrx_word' id='word_1_182' title='bbox 1206 2451 1294 2487; x_wconf 86' lang='lat' dir='ltr'><strong>omnes</strong></span> 
     </span>
     <span class='ocr_line' id='line_1_22' title="bbox 202 2500 1295 2567; baseline 0.003 -16"><span class='ocrx_word' id='word_1_183' title='bbox 202 2500 258 2558; x_wconf 83' lang='lat' dir='ltr'><strong>fero</strong></span> <span class='ocrx_word' id='word_1_184' title='bbox 270 2503 361 2567; x_wconf 90' lang='lat' dir='ltr'><strong>scripti</strong></span> <span class='ocrx_word' id='word_1_185' title='bbox 378 2511 406 2550; x_wconf 91' lang='lat' dir='ltr'><strong>et</strong></span> <span class='ocrx_word' id='word_1_186' title='bbox 422 2502 496 2551; x_wconf 86' lang='lat' dir='ltr'><strong>editi.</strong></span> <span class='ocrx_word' id='word_1_187' title='bbox 529 2501 635 2562; x_wconf 68' lang='lat' dir='ltr'><strong>Pighius</strong></span> <span class='ocrx_word' id='word_1_188' title='bbox 657 2517 689 2550; x_wconf 80' lang='lat' dir='ltr'><strong>ex</strong></span> <span class='ocrx_word' id='word_1_189' title='bbox 702 2502 828 2552; x_wconf 88' lang='lat' dir='ltr'><strong>Wiuckel.</strong></span> <span class='ocrx_word' id='word_1_190' title='bbox 847 2502 938 2565; x_wconf 66' lang='lat' dir='ltr'><strong>Canop.</strong></span> <span class='ocrx_word' id='word_1_191' title='bbox 957 2503 1082 2564; x_wconf 79' lang='lat' dir='ltr'><strong>altisque:</strong></span> <span class='ocrx_word' id='word_1_192' title='bbox 1099 2500 1205 2564; x_wconf 70' lang='lat' dir='ltr'><strong>cupidird</strong></span> <span class='ocrx_word' id='word_1_193' title='bbox 1223 2503 1295 2554; x_wconf 75' lang='lat' dir='ltr'><strong>nimis</strong></span> 
     </span>
    </p>
   </div>
   <div class='ocr_carea' id='block_1_4' title="bbox 200 2565 1375 2636">
    <p class='ocr_par' dir='ltr' id='par_1_5' title="bbox 200 2565 1375 2636">
     <span class='ocr_line' id='line_1_23' title="bbox 200 2565 1375 2636; baseline -0.002 -20"><span class='ocrx_word' id='word_1_194' title='bbox 200 2568 293 2625; x_wconf 74' lang='lat' dir='ltr'><strong>unxic5</strong></span> <span class='ocrx_word' id='word_1_195' title='bbox 309 2569 372 2618; x_wconf 85' lang='lat' dir='ltr'><strong>Vct.</strong></span> <span class='ocrx_word' id='word_1_196' title='bbox 391 2567 488 2628; x_wconf 79' lang='lat' dir='ltr'><strong>crepido:</strong></span> <span class='ocrx_word' id='word_1_197' title='bbox 503 2565 550 2614; x_wconf 80' lang='lat' dir='ltr'><strong>riri</strong></span> <span class='ocrx_word' id='word_1_198' title='bbox 560 2566 652 2623; x_wconf 64' lang='lat' dir='ltr'><strong>numa:</strong></span> <span class='ocrx_word' id='word_1_199' title='bbox 670 2567 772 2628; x_wconf 82' lang='lat' dir='ltr'><strong>Lipsius</strong></span> <span class='ocrx_word' id='word_1_200' title='bbox 793 2568 839 2627; x_wconf 84' lang='lat' dir='ltr'><strong>ait,</strong></span> <span class='ocrx_word' id='word_1_201' title='bbox 856 2566 969 2628; x_wconf 82' lang='lat' dir='ltr'><strong>priorem</strong></span> <span class='ocrx_word' id='word_1_202' title='bbox 988 2567 1125 2615; x_wconf 81' lang='lat' dir='ltr'><strong>lectionem</strong></span> <span class='ocrx_word' id='word_1_203' title='bbox 1143 2565 1226 2627; x_wconf 82' lang='lat' dir='ltr'><strong>cepido</strong></span> <span class='ocrx_word' id='word_1_204' title='bbox 1245 2566 1296 2614; x_wconf 84' lang='lat' dir='ltr'><strong>sibi</strong></span> <span class='ocrx_word' id='word_1_205' title='bbox 1372 2624 1375 2636; x_wconf 30' lang='grc' dir='ltr'><strong><em>Δ</em></strong></span> 
     </span>
    </p>
   </div>
   <div class='ocr_carea' id='block_1_5' title="bbox 200 2629 1294 2950">
    <p class='ocr_par' dir='ltr' id='par_1_6' title="bbox 200 2629 1294 2950">
     <span class='ocr_line' id='line_1_24' title="bbox 202 2629 1294 2694; baseline 0 -16"><span class='ocrx_word' id='word_1_206' title='bbox 202 2633 281 2692; x_wconf 78' lang='lat' dir='ltr'><strong>magis</strong></span> <span class='ocrx_word' id='word_1_207' title='bbox 292 2632 404 2694; x_wconf 84' lang='lat' dir='ltr'><strong>placere.</strong></span> <span class='ocrx_word' id='word_1_208' title='bbox 437 2630 503 2677; x_wconf 82' lang='lat' dir='ltr'><strong>Mihi</strong></span> <span class='ocrx_word' id='word_1_209' title='bbox 515 2629 576 2676; x_wconf 86' lang='lat' dir='ltr'><strong>nibil</strong></span> <span class='ocrx_word' id='word_1_210' title='bbox 588 2630 737 2678; x_wconf 87' lang='lat' dir='ltr'><strong>mutandum</strong></span> <span class='ocrx_word' id='word_1_211' title='bbox 750 2631 869 2690; x_wconf 81' lang='lat' dir='ltr'><strong>ridetur3</strong></span> <span class='ocrx_word' id='word_1_212' title='bbox 886 2631 957 2678; x_wconf 79' lang='lat' dir='ltr'><strong>almis</strong></span> <span class='ocrx_word' id='word_1_213' title='bbox 967 2638 994 2680; x_wconf 92' lang='lat' dir='ltr'><strong>et</strong></span> <span class='ocrx_word' id='word_1_214' title='bbox 1005 2631 1052 2679; x_wconf 82' lang='lat' dir='ltr'><strong>aiei</strong></span> <span class='ocrx_word' id='word_1_215' title='bbox 1070 2629 1195 2692; x_wconf 82' lang='lat' dir='ltr'><strong>originem</strong></span> <span class='ocrx_word' id='word_1_216' title='bbox 1215 2629 1294 2678; x_wconf 85' lang='lat' dir='ltr'><strong>debet</strong></span> 
     </span>
     <span class='ocr_line' id='line_1_25' title="bbox 203 2691 1294 2757; baseline 0 -15"><span class='ocrx_word' id='word_1_217' title='bbox 203 2694 375 2744; x_wconf 86' lang='lat' dir='ltr'><strong>terminatioui</strong></span> <span class='ocrx_word' id='word_1_218' title='bbox 387 2693 466 2742; x_wconf 83' lang='lat' dir='ltr'><strong>dativi</strong></span> <span class='ocrx_word' id='word_1_219' title='bbox 476 2691 589 2755; x_wconf 77' lang='lat' dir='ltr'><strong>cupidini,</strong></span> <span class='ocrx_word' id='word_1_220' title='bbox 607 2692 675 2742; x_wconf 89' lang='lat' dir='ltr'><strong>nude</strong></span> <span class='ocrx_word' id='word_1_221' title='bbox 687 2692 804 2744; x_wconf 83' lang='lat' dir='ltr'><strong>fecerant</strong></span> <span class='ocrx_word' id='word_1_222' title='bbox 815 2695 898 2757; x_wconf 80' lang='lat' dir='ltr'><strong>cepido</strong></span> <span class='ocrx_word' id='word_1_223' title='bbox 906 2696 932 2742; x_wconf 79' lang='lat' dir='ltr'><strong>ni</strong></span> <span class='ocrx_word' id='word_1_224' title='bbox 939 2709 949 2750; x_wconf 87' lang='lat'><strong>,·</strong></span> <span class='ocrx_word' id='word_1_225' title='bbox 965 2695 1048 2756; x_wconf 84' lang='lat' dir='ltr'><strong>cupido</strong></span> <span class='ocrx_word' id='word_1_226' title='bbox 1058 2695 1115 2755; x_wconf 77' lang='lat' dir='ltr'><strong>tciri,</strong></span> <span class='ocrx_word' id='word_1_227' title='bbox 1125 2692 1206 2754; x_wconf 83' lang='lat' dir='ltr'><strong>capide</strong></span> <span class='ocrx_word' id='word_1_228' title='bbox 1214 2692 1294 2742; x_wconf 72' lang='lat' dir='ltr'><strong>nimie</strong></span> 
     </span>
     <span class='ocr_line' id='line_1_26' title="bbox 202 2756 1293 2820; baseline 0 -16"><span class='ocrx_word' id='word_1_229' title='bbox 202 2757 274 2804; x_wconf 82' lang='lat' dir='ltr'><strong>nimis</strong></span> <span class='ocrx_word' id='word_1_230' title='bbox 285 2764 312 2805; x_wconf 91' lang='lat' dir='ltr'><strong>et</strong></span> <span class='ocrx_word' id='word_1_231' title='bbox 320 2756 367 2805; x_wconf 79' lang='lat' dir='ltr'><strong>sici</strong></span> <span class='ocrx_word' id='word_1_232' title='bbox 378 2757 487 2805; x_wconf 86' lang='lat' dir='ltr'><strong>alienum</strong></span> <span class='ocrx_word' id='word_1_233' title='bbox 500 2763 558 2816; x_wconf 72' lang='lat' dir='ltr'><strong>est,</strong></span> <span class='ocrx_word' id='word_1_234' title='bbox 576 2763 604 2805; x_wconf 88' lang='lat' dir='ltr'><strong>et</strong></span> <span class='ocrx_word' id='word_1_235' title='bbox 615 2757 637 2804; x_wconf 86' lang='lat' dir='ltr'><strong>si</strong></span> <span class='ocrx_word' id='word_1_236' title='bbox 648 2758 731 2819; x_wconf 82' lang='lat' dir='ltr'><strong>cupido</strong></span> <span class='ocrx_word' id='word_1_237' title='bbox 743 2760 830 2807; x_wconf 80' lang='lat' dir='ltr'><strong>velere</strong></span> <span class='ocrx_word' id='word_1_238' title='bbox 841 2757 958 2820; x_wconf 86' lang='lat' dir='ltr'><strong>deberet,</strong></span> <span class='ocrx_word' id='word_1_239' title='bbox 970 2765 1039 2806; x_wconf 90' lang='lat' dir='ltr'><strong>esset</strong></span> <span class='ocrx_word' id='word_1_240' title='bbox 1049 2771 1123 2806; x_wconf 82' lang='lat' dir='ltr'><strong>casus</strong></span> <span class='ocrx_word' id='word_1_241' title='bbox 1134 2758 1235 2818; x_wconf 89' lang='lat' dir='ltr'><strong>tertius,</strong></span> <span class='ocrx_word' id='word_1_242' title='bbox 1243 2771 1293 2805; x_wconf 88' lang='lat' dir='ltr'><strong>uon</strong></span> 
     </span>
     <span class='ocr_line' id='line_1_27' title="bbox 200 2819 1294 2884; baseline 0.005 -16"><span class='ocrx_word' id='word_1_243' title='bbox 200 2820 307 2881; x_wconf 84' lang='lat' dir='ltr'><strong>primus.</strong></span> <span class='ocrx_word' id='word_1_244' title='bbox 338 2819 375 2869; x_wconf 80' lang='lat' dir='ltr'><strong>At</strong></span> <span class='ocrx_word' id='word_1_245' title='bbox 394 2820 523 2881; x_wconf 85' lang='lat' dir='ltr'><strong>Valerius,</strong></span> <span class='ocrx_word' id='word_1_246' title='bbox 547 2820 590 2884; x_wconf 90' lang='lat' dir='ltr'><strong>qni</strong></span> <span class='ocrx_word' id='word_1_247' title='bbox 610 2819 742 2870; x_wconf 81' lang='lat' dir='ltr'><strong>abstracte</strong></span> <span class='ocrx_word' id='word_1_248' title='bbox 759 2828 837 2881; x_wconf 81' lang='lat' dir='ltr'><strong>amat,</strong></span> <span class='ocrx_word' id='word_1_249' title='bbox 851 2821 913 2870; x_wconf 87' lang='lat' dir='ltr'><strong>mibi</strong></span> <span class='ocrx_word' id='word_1_250' title='bbox 931 2822 1015 2883; x_wconf 87' lang='lat' dir='ltr'><strong>potius</strong></span> <span class='ocrx_word' id='word_1_251' title='bbox 1036 2820 1172 2882; x_wconf 74' lang='lat' dir='ltr'><strong>scripsisse</strong></span> <span class='ocrx_word' id='word_1_252' title='bbox 1192 2820 1294 2873; x_wconf 81' lang='lat' dir='ltr'><strong>videtur</strong></span> 
     </span>
     <span class='ocr_line' id='line_1_28' title="bbox 201 2883 1292 2950; baseline 0.002 -18"><span class='ocrx_word' id='word_1_253' title='bbox 201 2884 315 2948; x_wconf 73' lang='lat' dir='ltr'><strong>cupidini,</strong></span> <span class='ocrx_word' id='word_1_254' title='bbox 333 2898 408 2949; x_wconf 85' lang='lat' dir='ltr'><strong>quarn</strong></span> <span class='ocrx_word' id='word_1_255' title='bbox 418 2885 501 2946; x_wconf 80' lang='lat' dir='ltr'><strong>cupido</strong></span> <span class='ocrx_word' id='word_1_256' title='bbox 512 2884 567 2934; x_wconf 85' lang='lat' dir='ltr'><strong>scil.</strong></span> <span class='ocrx_word' id='word_1_257' title='bbox 578 2884 680 2935; x_wconf 85' lang='lat' dir='ltr'><strong>homiui.</strong></span> <span class='ocrx_word' id='word_1_258' title='bbox 715 2884 826 2934; x_wconf 83' lang='lat' dir='ltr'><strong>Codices</strong></span> <span class='ocrx_word' id='word_1_259' title='bbox 838 2885 916 2934; x_wconf 86' lang='lat' dir='ltr'><strong>etiam</strong></span> <span class='ocrx_word' id='word_1_260' title='bbox 927 2883 1125 2946; x_wconf 82' lang='lat' dir='ltr'><strong>endicadisuut,</strong></span> <span class='ocrx_word' id='word_1_261' title='bbox 1136 2891 1214 2950; x_wconf 77' lang='lat' dir='ltr'><strong>atque</strong></span> <span class='ocrx_word' id='word_1_262' title='bbox 1224 2885 1292 2938; x_wconf 83' lang='lat' dir='ltr'><strong>nude</strong></span> 
     </span>
    </p>
   </div>
   <div class='ocr_carea' id='block_1_6' title="bbox 694 3043 800 3094">
    <p class='ocr_par' dir='ltr' id='par_1_7' title="bbox 694 3043 800 3094">
     <span class='ocr_line' id='line_1_29' title="bbox 694 3043 800 3094; baseline 0 -1"><span class='ocrx_word' id='word_1_263' title='bbox 694 3043 800 3094; x_wconf 80' lang='lat' dir='ltr'><strong>NO&#39;l&#39;AE</strong></span> 
     </span>
    </p>
   </div>
   <div class='ocr_carea' id='block_1_7' title="bbox 199 3185 1292 4313">
    <p class='ocr_par' dir='ltr' id='par_1_8' title="bbox 199 3185 1292 4012">
     <span class='ocr_line' id='line_1_30' title="bbox 233 3185 1260 3254; baseline -0.003 -11"><span class='ocrx_word' id='word_1_264' title='bbox 233 3191 375 3254; x_wconf 73' lang='lat' dir='ltr'><strong>&#39;‘Atilium]</strong></span> <span class='ocrx_word' id='word_1_265' title='bbox 398 3191 437 3240; x_wconf 89' lang='lat' dir='ltr'><strong>M.</strong></span> <span class='ocrx_word' id='word_1_266' title='bbox 458 3189 554 3240; x_wconf 86' lang='lat' dir='ltr'><strong>Atilius</strong></span> <span class='ocrx_word' id='word_1_267' title='bbox 577 3191 689 3240; x_wconf 84' lang='lat' dir='ltr'><strong>Serenus</strong></span> <span class='ocrx_word' id='word_1_268' title='bbox 711 3205 726 3242; x_wconf 86' lang='lat' dir='ltr'><strong>a</strong></span> <span class='ocrx_word' id='word_1_269' title='bbox 766 3189 851 3251; x_wconf 87' lang='lat' dir='ltr'><strong>ninnt,</strong></span> <span class='ocrx_word' id='word_1_270' title='bbox 868 3188 986 3254; x_wconf 82' lang='lat' dir='ltr'><strong>quonism</strong></span> <span class='ocrx_word' id='word_1_271' title='bbox 1004 3195 1031 3239; x_wconf 90' lang='lat' dir='ltr'><strong>et</strong></span> <span class='ocrx_word' id='word_1_272' title='bbox 1044 3185 1260 3240; x_wconf 77' lang='lat' dir='ltr'><strong>euriosinsfinnt&#39;</strong></span> 
     </span>
     <span class='ocr_line' id='line_1_31' title="bbox 201 3260 1292 3330; baseline -0.008 -11"><span class='ocrx_word' id='word_1_273' title='bbox 201 3269 310 3320; x_wconf 86' lang='lat' dir='ltr'><strong>serendo</strong></span> <span class='ocrx_word' id='word_1_274' title='bbox 331 3268 414 3318; x_wconf 88' lang='lat' dir='ltr'><strong>dictus</strong></span> <span class='ocrx_word' id='word_1_275' title='bbox 435 3273 484 3327; x_wconf 83' lang='lat' dir='ltr'><strong>est,</strong></span> <span class='ocrx_word' id='word_1_276' title='bbox 508 3267 575 3330; x_wconf 90' lang='lat' dir='ltr'><strong>quod</strong></span> <span class='ocrx_word' id='word_1_277' title='bbox 598 3281 630 3314; x_wconf 82' lang='lat' dir='ltr'><strong>ex</strong></span> <span class='ocrx_word' id='word_1_278' title='bbox 651 3280 725 3330; x_wconf 76' lang='lat' dir='ltr'><strong>egro,</strong></span> <span class='ocrx_word' id='word_1_279' title='bbox 798 3263 804 3296; x_wconf 95' lang='lat'>¹</span> <span class='ocrx_word' id='word_1_280' title='bbox 822 3265 929 3314; x_wconf 74' lang='lat' dir='ltr'><strong>liberare</strong></span> <span class='ocrx_word' id='word_1_281' title='bbox 950 3263 1063 3327; x_wconf 73' lang='lat' dir='ltr'><strong>scipione]</strong></span> <span class='ocrx_word' id='word_1_282' title='bbox 1086 3265 1222 3326; x_wconf 88' lang='lat' dir='ltr'><strong>Sceptrnm</strong></span> <span class='ocrx_word' id='word_1_283' title='bbox 1241 3260 1292 3318; x_wconf 84' lang='lat' dir='ltr'><strong>fuit</strong></span> 
     </span>
     <span class='ocr_line' id='line_1_32' title="bbox 200 3338 1291 3409; baseline -0.005 -15"><span class='ocrx_word' id='word_1_284' title='bbox 200 3361 276 3409; x_wconf 85' lang='lat' dir='ltr'><strong>quem</strong></span> <span class='ocrx_word' id='word_1_285' title='bbox 284 3343 398 3405; x_wconf 77' lang='lat' dir='ltr'><strong>colebat,</strong></span> <span class='ocrx_word' id='word_1_286' title='bbox 405 3348 529 3393; x_wconf 82' lang='lat' dir='ltr'><strong>evocatus</strong></span> <span class='ocrx_word' id='word_1_287' title='bbox 536 3342 568 3392; x_wconf 85' lang='lat' dir='ltr'><strong>nd</strong></span> <span class='ocrx_word' id='word_1_288' title='bbox 576 3341 726 3406; x_wconf 83' lang='lat' dir='ltr'><strong>Rempubli·</strong></span> <span class='ocrx_word' id='word_1_289' title='bbox 767 3341 919 3404; x_wconf 84' lang='lat' dir='ltr'><strong>Consulare,</strong></span> <span class='ocrx_word' id='word_1_290' title='bbox 929 3341 1003 3404; x_wconf 85' lang='lat' dir='ltr'><strong>cujus</strong></span> <span class='ocrx_word' id='word_1_291' title='bbox 1014 3339 1195 3400; x_wconf 86' lang='lat' dir='ltr'><strong>meminerunt,</strong></span> <span class='ocrx_word' id='word_1_292' title='bbox 1205 3344 1233 3388; x_wconf 85' lang='lat' dir='ltr'><strong>et</strong></span> <span class='ocrx_word' id='word_1_293' title='bbox 1244 3338 1260 3389; x_wconf 82' lang='lat' dir='ltr'>J</span> <span class='ocrx_word' id='word_1_294' title='bbox 1263 3353 1291 3388; x_wconf 84' lang='lat' dir='ltr'><strong>u·</strong></span> 
     </span>
     <span class='ocr_line' id='line_1_33' title="bbox 200 3415 1291 3482; baseline -0.007 -11"><span class='ocrx_word' id='word_1_295' title='bbox 200 3435 256 3471; x_wconf 86' lang='lat' dir='ltr'><strong>cam</strong></span> <span class='ocrx_word' id='word_1_296' title='bbox 269 3433 379 3470; x_wconf 87' lang='lat' dir='ltr'><strong>summos</strong></span> <span class='ocrx_word' id='word_1_297' title='bbox 390 3421 497 3469; x_wconf 87' lang='lat' dir='ltr'><strong>bonores</strong></span> <span class='ocrx_word' id='word_1_298' title='bbox 508 3419 626 3482; x_wconf 72' lang='lat' dir='ltr'><strong>gesserit.</strong></span> <span class='ocrx_word' id='word_1_299' title='bbox 656 3417 725 3467; x_wconf 90' lang='lat' dir='ltr'><strong>Illud</strong></span> <span class='ocrx_word' id='word_1_300' title='bbox 766 3419 864 3467; x_wconf 81' lang='lat' dir='ltr'><strong>venalis</strong></span> <span class='ocrx_word' id='word_1_301' title='bbox 893 3419 948 3468; x_wconf 84' lang='lat' dir='ltr'><strong>Sat.</strong></span> <span class='ocrx_word' id='word_1_302' title='bbox 971 3431 999 3467; x_wconf 86' lang='lat' dir='ltr'><strong>x.</strong></span> <span class='ocrx_word' id='word_1_303' title='bbox 1021 3423 1050 3465; x_wconf 89' lang='lat' dir='ltr'><strong>et</strong></span> <span class='ocrx_word' id='word_1_304' title='bbox 1075 3415 1233 3465; x_wconf 82' lang='lat' dir='ltr'><strong>Prudentius</strong></span> <span class='ocrx_word' id='word_1_305' title='bbox 1263 3415 1291 3464; x_wconf 88' lang='lat' dir='ltr'><strong>ln</strong></span> 
     </span>
     <span class='ocr_line' id='line_1_34' title="bbox 201 3491 1291 3560; baseline -0.007 -14"><span class='ocrx_word' id='word_1_306' title='bbox 201 3498 335 3560; x_wconf 78' lang='lat' dir='ltr'><strong>eleganter</strong></span> <span class='ocrx_word' id='word_1_307' title='bbox 346 3495 471 3545; x_wconf 82' lang='lat' dir='ltr'><strong>describit</strong></span> <span class='ocrx_word' id='word_1_308' title='bbox 479 3495 579 3544; x_wconf 86' lang='lat' dir='ltr'><strong>Plinius</strong></span> <span class='ocrx_word' id='word_1_309' title='bbox 588 3493 632 3543; x_wconf 84' lang='lat' dir='ltr'><strong>lib.</strong></span> <span class='ocrx_word' id='word_1_310' title='bbox 643 3507 726 3544; x_wconf 85' lang='lat' dir='ltr'><strong>xvrrr.</strong></span> <span class='ocrx_word' id='word_1_311' title='bbox 766 3493 869 3557; x_wconf 78' lang='lat' dir='ltr'><strong>Hymuo</strong></span> <span class='ocrx_word' id='word_1_312' title='bbox 882 3493 990 3542; x_wconf 81' lang='lat' dir='ltr'><strong>Rotnani</strong></span> <span class='ocrx_word' id='word_1_313' title='bbox 1002 3491 1132 3556; x_wconf 79' lang='lat' dir='ltr'><strong>Martyris·</strong></span> <span class='ocrx_word' id='word_1_314' title='bbox 1157 3491 1291 3542; x_wconf 77' lang='lat' dir='ltr'><strong>luvenalis</strong></span> 
     </span>
     <span class='ocr_line' id='line_1_35' title="bbox 201 3567 1290 3634; baseline -0.006 -13"><span class='ocrx_word' id='word_1_315' title='bbox 201 3586 227 3622; x_wconf 76' lang='lat' dir='ltr'><strong>c.</strong></span> <span class='ocrx_word' id='word_1_316' title='bbox 242 3577 267 3621; x_wconf 74' lang='grc'><strong>3.</strong></span> <span class='ocrx_word' id='word_1_317' title='bbox 283 3571 356 3634; x_wconf 83' lang='lat' dir='ltr'><strong>cujus</strong></span> <span class='ocrx_word' id='word_1_318' title='bbox 374 3569 455 3620; x_wconf 82' lang='lat' dir='ltr'><strong>verbe</strong></span> <span class='ocrx_word' id='word_1_319' title='bbox 472 3569 548 3620; x_wconf 85' lang='lat' dir='ltr'><strong>libuit</strong></span> <span class='ocrx_word' id='word_1_320' title='bbox 568 3570 724 3633; x_wconf 72' lang='lat' dir='ltr'><strong>appingere:</strong></span> <span class='ocrx_word' id='word_1_321' title='bbox 765 3567 821 3617; x_wconf 74' lang='lat' dir='ltr'><strong>hec</strong></span> <span class='ocrx_word' id='word_1_322' title='bbox 840 3567 919 3617; x_wconf 87' lang='lat' dir='ltr'><strong>verba</strong></span> <span class='ocrx_word' id='word_1_323' title='bbox 934 3574 1008 3617; x_wconf 91' lang='lat' dir='ltr'><strong>suut:</strong></span> <span class='ocrx_word' id='word_1_324' title='bbox 1027 3568 1090 3617; x_wconf 84' lang='lat' dir='ltr'><strong>‘Da</strong></span> <span class='ocrx_word' id='word_1_325' title='bbox 1100 3581 1168 3616; x_wconf 88' lang='lat' dir='ltr'><strong>nnnc</strong></span> <span class='ocrx_word' id='word_1_326' title='bbox 1180 3572 1208 3615; x_wconf 89' lang='lat' dir='ltr'><strong>et</strong></span> <span class='ocrx_word' id='word_1_327' title='bbox 1220 3567 1290 3615; x_wconf 84' lang='lat' dir='ltr'><strong>volu·</strong></span> 
     </span>
     <span class='ocr_line' id='line_1_36' title="bbox 201 3640 1290 3709; baseline -0.007 -12"><span class='ocrx_word' id='word_1_328' title='bbox 201 3648 355 3698; x_wconf 67' lang='lat' dir='ltr'><strong>‘Quanam</strong></span> <span class='ocrx_word' id='word_1_329' title='bbox 387 3652 467 3695; x_wconf 80' lang='lat' dir='ltr'><strong>tentre</strong></span> <span class='ocrx_word' id='word_1_330' title='bbox 495 3645 621 3694; x_wconf 84' lang='lat' dir='ltr'><strong>ubertatis</strong></span> <span class='ocrx_word' id='word_1_331' title='bbox 648 3657 725 3694; x_wconf 83' lang='lat' dir='ltr'><strong>causa</strong></span> <span class='ocrx_word' id='word_1_332' title='bbox 764 3658 845 3706; x_wconf 88' lang='lat' dir='ltr'><strong>crem,</strong></span> <span class='ocrx_word' id='word_1_333' title='bbox 866 3653 970 3708; x_wconf 86' lang='lat' dir='ltr'><strong>sceptro</strong></span> <span class='ocrx_word' id='word_1_334' title='bbox 992 3657 1048 3709; x_wconf 83' lang='lat' dir='ltr'><strong>quoe</strong></span> <span class='ocrx_word' id='word_1_335' title='bbox 1071 3642 1155 3706; x_wconf 76' lang='lat' dir='ltr'><strong>surgit</strong></span> <span class='ocrx_word' id='word_1_336' title='bbox 1174 3640 1290 3692; x_wconf 89' lang='lat' dir='ltr'><strong>eburuo.&#39;</strong></span> 
     </span>
     <span class='ocr_line' id='line_1_37' title="bbox 201 3716 1289 3786; baseline -0.006 -14"><span class='ocrx_word' id='word_1_337' title='bbox 201 3723 396 3786; x_wconf 79' lang='lat' dir='ltr'><strong>eretiipsorum</strong></span> <span class='ocrx_word' id='word_1_338' title='bbox 411 3726 472 3769; x_wconf 89' lang='lat' dir='ltr'><strong>tuuc</strong></span> <span class='ocrx_word' id='word_1_339' title='bbox 483 3718 600 3769; x_wconf 80' lang='lat' dir='ltr'><strong>manibus</strong></span> <span class='ocrx_word' id='word_1_340' title='bbox 610 3719 723 3783; x_wconf 86' lang='lat' dir='ltr'><strong>Impera·</strong></span> <span class='ocrx_word' id='word_1_341' title='bbox 764 3722 788 3770; x_wconf 88' lang='lat' dir='ltr'>E</span> <span class='ocrx_word' id='word_1_342' title='bbox 796 3721 967 3770; x_wconf 87' lang='lat' dir='ltr'><strong>summoenim</strong></span> <span class='ocrx_word' id='word_1_343' title='bbox 975 3718 1103 3769; x_wconf 74' lang='lat' dir='ltr'><strong>eminebat</strong></span> <span class='ocrx_word' id='word_1_344' title='bbox 1112 3717 1210 3782; x_wconf 72' lang='lat' dir='ltr'><strong>equile,</strong></span> <span class='ocrx_word' id='word_1_345' title='bbox 1219 3716 1289 3781; x_wconf 85' lang='lat' dir='ltr'><strong>quod</strong></span> 
     </span>
     <span class='ocr_line' id='line_1_38' title="bbox 199 3792 1289 3860; baseline -0.005 -14"><span class='ocrx_word' id='word_1_346' title='bbox 199 3803 284 3850; x_wconf 86' lang='lat' dir='ltr'><strong>torum</strong></span> <span class='ocrx_word' id='word_1_347' title='bbox 306 3795 458 3847; x_wconf 78' lang='lat' dir='ltr'><strong>colebantur</strong></span> <span class='ocrx_word' id='word_1_348' title='bbox 479 3794 550 3858; x_wconf 59' lang='grc' dir='ltr'><strong>ψη</strong></span> <span class='ocrx_word' id='word_1_349' title='bbox 575 3801 604 3843; x_wconf 89' lang='lat' dir='ltr'><strong>ut</strong></span> <span class='ocrx_word' id='word_1_350' title='bbox 625 3792 665 3843; x_wconf 85' lang='lat' dir='ltr'><strong>fas</strong></span> <span class='ocrx_word' id='word_1_351' title='bbox 685 3801 724 3844; x_wconf 87' lang='lat' dir='ltr'><strong>est</strong></span> <span class='ocrx_word' id='word_1_352' title='bbox 765 3793 1289 3860; x_wconf 70' lang='lat' dir='ltr'><strong>abHetrascis,ntsliudiguiteturoinsig·</strong></span> 
     </span>
     <span class='ocr_line' id='line_1_39' title="bbox 199 3871 1290 3936; baseline -0.004 -12"><span class='ocrx_word' id='word_1_353' title='bbox 199 3873 318 3935; x_wconf 85' lang='lat' dir='ltr'><strong>credere,</strong></span> <span class='ocrx_word' id='word_1_354' title='bbox 331 3871 460 3936; x_wconf 75' lang='lat' dir='ltr'><strong>gaudente</strong></span> <span class='ocrx_word' id='word_1_355' title='bbox 479 3877 550 3920; x_wconf 83' lang='lat' dir='ltr'><strong>terra</strong></span> <span class='ocrx_word' id='word_1_356' title='bbox 560 3871 725 3920; x_wconf 79' lang='lat' dir='ltr'><strong>romerelso·</strong></span> <span class='ocrx_word' id='word_1_357' title='bbox 763 3873 814 3929; x_wconf 82' lang='lat' dir='ltr'><strong>nin,</strong></span> <span class='ocrx_word' id='word_1_358' title='bbox 823 3880 954 3923; x_wconf 87' lang='lat' dir='ltr'><strong>mutuatos</strong></span> <span class='ocrx_word' id='word_1_359' title='bbox 964 3886 1021 3922; x_wconf 87' lang='lat' dir='ltr'><strong>esse</strong></span> <span class='ocrx_word' id='word_1_360' title='bbox 1033 3871 1164 3922; x_wconf 81' lang='lat' dir='ltr'><strong>Romanos</strong></span> <span class='ocrx_word' id='word_1_361' title='bbox 1176 3877 1290 3921; x_wconf 83' lang='lat' dir='ltr'><strong>testetur</strong></span> 
     </span>
     <span class='ocr_line' id='line_1_40' title="bbox 200 3945 1017 4012; baseline -0.001 -16"><span class='ocrx_word' id='word_1_362' title='bbox 200 3955 280 4012; x_wconf 87' lang='lat' dir='ltr'><strong>reate,</strong></span> <span class='ocrx_word' id='word_1_363' title='bbox 306 3954 334 3997; x_wconf 86' lang='lat' dir='ltr'><strong>et</strong></span> <span class='ocrx_word' id='word_1_364' title='bbox 356 3945 506 4009; x_wconf 79' lang='lat' dir='ltr'><strong>triumphali</strong></span> <span class='ocrx_word' id='word_1_365' title='bbox 527 3952 646 4006; x_wconf 82' lang='lat' dir='ltr'><strong>aratere;</strong></span> <span class='ocrx_word' id='word_1_366' title='bbox 671 3947 724 3996; x_wconf 83' lang='lat' dir='ltr'><strong>sira</strong></span> <span class='ocrx_word' id='word_1_367' title='bbox 765 3945 904 4010; x_wconf 82' lang='lat' dir='ltr'><strong>Dionysius</strong></span> <span class='ocrx_word' id='word_1_368' title='bbox 916 3946 960 3996; x_wconf 88' lang='lat' dir='ltr'><strong>lib.</strong></span> <span class='ocrx_word' id='word_1_369' title='bbox 971 3959 1017 3996; x_wconf 80' lang='grc' dir='ltr'><strong>ιιι.</strong></span> 
     </span>
    </p>

    <p class='ocr_par' dir='ltr' id='par_1_9' title="bbox 199 4021 1289 4239">
     <span class='ocr_line' id='line_1_41' title="bbox 199 4021 1288 4086; baseline 0.002 -16"><span class='ocrx_word' id='word_1_370' title='bbox 199 4023 238 4072; x_wconf 85' lang='lat' dir='ltr'><strong>illl</strong></span> <span class='ocrx_word' id='word_1_371' title='bbox 257 4023 347 4075; x_wconf 78' lang='lat' dir='ltr'><strong>eadem</strong></span> <span class='ocrx_word' id='word_1_372' title='bbox 370 4036 432 4071; x_wconf 82' lang='lat' dir='ltr'><strong>cura</strong></span> <span class='ocrx_word' id='word_1_373' title='bbox 452 4021 550 4072; x_wconf 82' lang='lat' dir='ltr'><strong>semina</strong></span> <span class='ocrx_word' id='word_1_374' title='bbox 568 4022 724 4085; x_wconf 84' lang='lat' dir='ltr'><strong>tractabant,</strong></span> <span class='ocrx_word' id='word_1_375' title='bbox 797 4029 815 4054; x_wconf 81' lang='lat'><strong>¹</strong></span> <span class='ocrx_word' id='word_1_376' title='bbox 830 4022 922 4072; x_wconf 73' lang='lat' dir='ltr'><strong>Atilius</strong></span> <span class='ocrx_word' id='word_1_377' title='bbox 933 4021 1050 4086; x_wconf 57' lang='lat' dir='ltr'><strong>aeuus]</strong></span> <span class='ocrx_word' id='word_1_378' title='bbox 1065 4022 1147 4086; x_wconf 81' lang='lat' dir='ltr'><strong>Cujus</strong></span> <span class='ocrx_word' id='word_1_379' title='bbox 1167 4022 1288 4074; x_wconf 76' lang='lat' dir='ltr'><strong>victorini</strong></span> 
     </span>
     <span class='ocr_line' id='line_1_42' title="bbox 200 4089 1289 4162; baseline 0.005 -18"><span class='ocrx_word' id='word_1_380' title='bbox 200 4099 345 4160; x_wconf 72' lang='lat' dir='ltr'><strong>quobellsr</strong></span> <span class='ocrx_word' id='word_1_381' title='bbox 362 4097 503 4162; x_wconf 79' lang='lat' dir='ltr'><strong>sedemque</strong></span> <span class='ocrx_word' id='word_1_382' title='bbox 519 4089 724 4160; x_wconf 74' lang='lat' dir='ltr'><strong>diligentiesrra</strong></span> <span class='ocrx_word' id='word_1_383' title='bbox 764 4104 792 4148; x_wconf 82' lang='lat' dir='ltr'><strong>ct</strong></span> <span class='ocrx_word' id='word_1_384' title='bbox 811 4095 914 4150; x_wconf 75' lang='lat' dir='ltr'><strong>tandem</strong></span> <span class='ocrx_word' id='word_1_385' title='bbox 936 4099 1095 4148; x_wconf 77' lang='lat' dir='ltr'><strong>ncrrcrimns</strong></span> <span class='ocrx_word' id='word_1_386' title='bbox 1116 4098 1163 4148; x_wconf 87' lang='lat' dir='ltr'><strong>lib.</strong></span> <span class='ocrx_word' id='word_1_387' title='bbox 1183 4113 1203 4149; x_wconf 85' lang='lat' dir='ltr'><strong>r.</strong></span> <span class='ocrx_word' id='word_1_388' title='bbox 1229 4113 1253 4149; x_wconf 74' lang='lat' dir='ltr'><strong>c.</strong></span> <span class='ocrx_word' id='word_1_389' title='bbox 1267 4102 1289 4149; x_wconf 90' lang='lat'><strong>1.</strong></span> 
     </span>
     <span class='ocr_line' id='line_1_43' title="bbox 200 4172 840 4239; baseline 0.005 -20"><span class='ocrx_word' id='word_1_390' title='bbox 200 4172 379 4236; x_wconf 82' lang='lat' dir='ltr'><strong>disponebant,</strong></span> <span class='ocrx_word' id='word_1_391' title='bbox 402 4189 453 4239; x_wconf 86' lang='lat' dir='ltr'><strong>que</strong></span> <span class='ocrx_word' id='word_1_392' title='bbox 474 4182 577 4224; x_wconf 65' lang='lat' dir='ltr'><strong>ceute:</strong></span> <span class='ocrx_word' id='word_1_393' title='bbox 603 4173 658 4224; x_wconf 83' lang='lat' dir='ltr'><strong>sire</strong></span> <span class='ocrx_word' id='word_1_394' title='bbox 678 4173 723 4222; x_wconf 83' lang='lat' dir='ltr'><strong>lto·</strong></span> <span class='ocrx_word' id='word_1_395' title='bbox 764 4189 789 4224; x_wconf 89' lang='lat' dir='ltr'><strong>u.</strong></span> <span class='ocrx_word' id='word_1_396' title='bbox 802 4178 840 4224; x_wconf 82' lang='lat' dir='ltr'><strong>tt.</strong></span> 
     </span>
    </p>

    <p class='ocr_par' dir='ltr' id='par_1_10' title="bbox 200 4247 723 4313">
     <span class='ocr_line' id='line_1_44' title="bbox 200 4247 723 4313; baseline 0.008 -18"><span class='ocrx_word' id='word_1_397' title='bbox 200 4247 281 4296; x_wconf 80' lang='lat' dir='ltr'><strong>uestis</strong></span> <span class='ocrx_word' id='word_1_398' title='bbox 297 4249 412 4299; x_wconf 83' lang='lat' dir='ltr'><strong>menibus</strong></span> <span class='ocrx_word' id='word_1_399' title='bbox 429 4249 514 4299; x_wconf 82' lang='lat' dir='ltr'><strong>omnic</strong></span> <span class='ocrx_word' id='word_1_400' title='bbox 528 4249 613 4299; x_wconf 77' lang='lat' dir='ltr'><strong>latins</strong></span> <span class='ocrx_word' id='word_1_401' title='bbox 631 4263 723 4313; x_wconf 86' lang='lat' dir='ltr'><strong>prore-</strong></span> 
     </span>
    </p>
   </div>
   <div class='ocr_carea' id='block_1_8' title="bbox 0 0 1610 5158">
    <p class='ocr_par' dir='ltr' id='par_1_11' title="bbox 0 0 1610 5158">
     <span class='ocr_line' id='line_1_45' title="bbox 0 0 1610 5158; baseline 0 2"><span class='ocrx_word' id='word_1_402' title='bbox 0 0 1610 5158; x_wconf 95' lang='lat' dir='ltr'><strong> </strong></span> 
     </span>
    </p>
   </div>
  </div>
 </body>
</html>
