3224 5162
491 417 571 466 cin.
588 416 668 466 viri.
692 417 741 466 nn
765 416 984 468 uruuouurs.
1220 412 1285 480 215

188 563 338 650 veridica
348 561 500 646 Pythicae
514 557 861 650 [dijmhonmdes
876 562 1074 643 preeuntes
1084 571 1113 612 ⁴⁵
1148 565 1185 630 Is
1196 568 1284 634 bello

189 664 293 741 civili,
308 683 376 746 quo
391 683 428 727 se
443 661 504 726 Gn.
520 659 705 742 Pompeius
728 678 749 722 a
765 658 912 724 Caesaris
927 661 1108 730 concordie
1121 667 1283 746 pestifero

190 766 268 839 sibi,
283 784 344 828 nec
359 763 572 852 Reipublicae
585 761 660 828 utili
676 762 816 826 consilio
837 761 1029 844 abruperat,
1041 771 1196 829 eventum
1210 787 1283 848 gre-

187 867 319 934 vissimi
333 871 442 930 motus
457 863 633 947 explorare
648 862 806 946 cupiens3
828 863 958 930 viribus
972 863 1102 947 imperii
1124 868 1282 949 (namque

187 962 351 1032 Achaiee¹
371 963 567 1049 preeerst)⁴⁶
590 964 777 1030 antistitem
787 964 963 1046 Delphicae
978 965 1138 1047 cortines5
1159 967 1194 1032 in
1207 967 1284 1032 inti·

187 1086 276 1134 mem
300 1067 390 1133 socri
413 1086 538 1150 specus
563 1071 692 1150 partem
720 1064 924 1130 descendere
946 1065 1112 1148 coegitzu
1134 1066 1221 1132 unde
1247 1077 1286 1134 ut

188 1174 287 1234 certee
301 1167 551 1232 consulentibus
566 1171 674 1231 sortes
688 1170 851 1248 petuntur,
864 1167 911 1230 ita
925 1167 1048 1230 nimius
1064 1167 1170 1234 divini
1185 1170 1282 1252 spiri-

185 1274 240 1333 tus
253 1270 389 1334 haustus
400 1268 614 1332 reddentibus
628 1267 790 1351 pestifer¹
811 1267 972 1331 exsistitr
1016 1269 1122 1350 Igitur
1135 1269 1282 1351 impulsu

186 1371 346 1452 concepti
368 1369 513 1434 numinis
521 1367 549 1416 4⁸
571 1369 732 1434 instincte
748 1369 854 1450 virgo,
877 1361 1043 1432 horrendo
1066 1387 1150 1432 sono
1172 1370 1279 1448 vocis,

184 1468 300 1554 Appio
314 1470 395 1535 inter
409 1472 570 1537 obscures
584 1469 761 1535 verborum
775 1469 934 1550 ambages
945 1467 1018 1532 fate
1031 1467 1177 1532 cecinit.¹
1195 1469 1250 1534 ‘N
1252 1471 1277 1534 i·

214 1686 226 1710 0
239 1677 319 1741 Atque
329 1680 372 1727 boe
381 1681 500 1729 erundum
510 1677 662 1737 Iaenhrle'fue't
673 1678 762 1726 editum
772 1690 812 1724 ore
823 1681 916 1724 tentum
926 1676 1043 1732 turrinis:
1059 1677 1118 1724 iliud
1133 1691 1197 1739 cero,
1217 1682 1278 1740 quod

181 1744 351 1856 sequituruore
360 1743 491 1805 Apollinis:
507 1757 551 1805 que
561 1743 690 1791 dictorem
698 1741 821 1804 pecten
832 1741 928 1804 Pythice
943 1741 1096 1790 ectieinontr'e
1104 1745 1278 1803 prenunciavit

182 1812 280 1856 mertem
313 1821 329 1867 p
346 1806 373 1854 ie'.

211 1877 227 1910 Ρ
243 1821 391 1918 δοοοοοέοοο
401 1873 526 1932 potestate,
540 1883 596 1917 nen
607 1869 704 1930 regebat
714 1867 838 1928 Aebutum,
854 1867 931 1930 co'e'ge‘t
951 1866 1101 1916 Sacerdotem
1119 1867 1201 1930 tempti
1218 1867 1278 1916 uer-

178 1931 246 1994 phiee'
255 1935 393 1982 descendere
403 1934 429 1982 e'n
437 1933 645 1995 profundissimum
654 1939 746 1993 purtem
756 1932 821 1980 ereetrr¹
832 1933 903 1979 seen.
935 1931 967 1978 ln
978 1945 1024 1993 que
1034 1930 1095 1978 sieut
1107 1943 1215 1990 responsu
1226 1943 1279 1977 cer·

180 1997 243 2044 tiore
261 1998 350 2044 duntur
365 1997 543 2060 conuertitur,
557 1998 593 2045 e'ta
609 1996 696 2044 nimine
714 1997 811 2043 baudus
830 1994 928 2055 spiritus
943 1994 1020 2042 de'eiei
1034 1999 1071 2042 eet
1088 1993 1166 2042 letalis
1176 1993 1277 2058 Pytble'e

182 2058 294 2107 dontibus
304 2059 346 2108 e'ltu
357 2073 476 2122 responso.

638 2181 818 2202 ΟΜ,

180 2299 273 2363 reliqui
285 2298 382 2350 Medic.
394 2313 452 2348 cum
464 2297 536 2349 Leid.
546 2301 571 2346 2.
583 2296 632 2344 nisi
643 2297 712 2359 qnod
725 2310 772 2359 pro
784 2294 886 2344 bembeie
894 2294 991 2344 babent
1001 2293 1099 2343 leemiue'.
1120 2293 1195 2343 Harl.
1206 2294 1240 2346 A.
1251 2295 1276 2345 le.

179 2379 201 2426 q.
214 2378 260 2412 een
269 2364 380 2425 beluinis,
392 2365 432 2411 sed
442 2377 506 2424 cnse,
516 2363 576 2410 illud
586 2365 680 2409 tanturn
690 2360 716 2407 e'u
727 2375 767 2408 ore
777 2360 860 2421 ipsine,
870 2361 911 2422 be.
943 2359 976 2406 In
989 2358 1061 2408 held.
1072 2363 1095 2407 2.
1114 2358 1192 2407 etium
1208 2365 1276 2420 erut,

179 2430 267 2489 ιοοοοο,
279 2427 320 2477 sil
329 2442 375 2475 non
384 2440 439 2475 erc.-
458 2426 553 2488 Ultraj.
563 2428 586 2473 2.
598 2424 656 2472 illud
667 2428 745 2472 temere
756 2437 809 2471 ore.-
826 2422 920 2485 Uitrsj.
932 2425 956 2470 l.
969 2428 1046 2471 torrere
1056 2436 1102 2470 nen
1110 2435 1163 2470 ore:
1181 2421 1275 2486 Copss.

178 2491 209 2539 A.
220 2493 244 2540 h.
254 2507 276 2553 q.
287 2506 334 2539 nen
344 2490 444 2540 heminis
454 2480 555 2547 lennes,
565 2489 605 2537 sed
616 2502 684 2537 cusu:
702 2487 762 2535 Vet.
774 2493 802 2534 et
813 2486 886 2548 Meg.
895 2487 928 2534 Α.
944 2485 968 2533 ir.
985 2501 1007 2548 q.
1027 2485 1134 2548 benten,
1153 2487 1194 2534 sed
1212 2500 1276 2535 casu.

177 2555 242 2603 Ittud
252 2561 344 2604 tentum
356 2569 396 2604 ore
406 2554 497 2616 ipsium
513 2554 621 2601 Venett.
631 2555 655 2599 Δ.
667 2557 691 2601 5.
707 2551 740 2600 A.
750 2551 773 2598 le.
786 2565 810 2611 q.
820 2550 844 2599 h.
855 2549 915 2598 illud
923 2553 1016 2597 tontum
1030 2564 1085 2598 orer
1101 2548 1178 2597 Aidd.
1191 2548 1274 2600 Colin.

178 2618 281 2681 Gryph.
294 2620 389 2681 steph.
411 2622 461 2666 &e
478 2616 508 2665 A.
525 2619 548 2664 b.
566 2631 590 2678 q.
608 2615 713 2665 hiltrud
735 2619 813 2672 temen
832 2627 881 2662 cre.
914 2613 1014 2661 Vorstii
1026 2613 1163 2663 lectionem
1176 2612 1276 2675 recepit

176 2681 386 2732 Toranius—45
404 2681 498 2743 Copee.
511 2679 614 2744 aliique,
630 2693 688 2727 cum
700 2678 762 2728 Vei.
773 2684 799 2726 et
811 2677 883 2738 Meg.
893 2677 1058 2739 precucurrit,
1074 2677 1201 2739 probante
1212 2677 1277 2725 'l'or-

178 2745 326 2794 τεοῖο-«46
340 2744 383 2794 Its
397 2743 494 2793 Brund.
511 2745 534 2790 i.
552 2747 577 2790 2.
601 2743 692 2804 Cerne.
711 2741 815 2790 (lembi.
834 2739 1041 2792 Arrenwinek.
1060 2747 1088 2789 et
1105 2741 1195 2790 Gelon.
1215 2753 1275 2788 eum

177 2809 266 2855 multis
276 2809 383 2855 Torren.
417 2808 536 2856 Quatuer
555 2805 599 2853 ulii
616 2806 724 2853 Torren.
745 2819 801 2852 curn
811 2805 873 2853 Vet.
893 2803 966 2866 Meg.
978 2805 1084 2854 Venett.
1096 2808 1120 2855 1.
1130 2807 1156 2852 b.
1168 2808 1192 2852 ³.
1210 2807 1233 2854 4.
1248 2809 1274 2853 b.

178 2871 285 2918 Medici.
298 2868 446 2918 r.n.A1dd.
459 2868 542 2918 Colin.
554 2868 655 2930 Gryph.
667 2867 775 2916 Medioi.
785 2871 809 2914 e.
818 2866 909 2928 steph.
920 2871 969 2918 dec.
981 2869 1071 2916 eirtbroe
1080 2881 1170 2930 nonque
1180 2868 1276 2930 imperti

178 2933 238 2980 Aeli.
248 2936 360 2993 preerat,
371 2933 396 2979 in
409 2931 567 2992 parenthesi.
600 2929 690 2978 Codex
702 2929 848 2978 Perizonile
865 2944 920 2976 nom
929 2930 962 2978 A.
970 2937 1060 2990 pretor
1068 2936 1189 2992 presertim
1204 2931 1274 2978 unde

178 2997 231 3056 ilie,
246 3010 290 3056 pre
301 2995 511 3057 consuiepraeeret.
544 2992 581 3042 At
598 2997 689 3054 prater
703 2995 808 3053 preerat
827 2990 924 3038 habent
943 2993 1021 3038 etiem
1042 2994 1135 3052 copes.
1154 2991 1229 3039 Harl.
1247 2998 1275 3040 et

178 3059 258 3106 Barb.
270 3063 292 3106 1.
309 3063 334 3107 2.
368 3057 499 3106 Perizonii
521 3056 674 3117 conjecture
693 3068 743 3102 non
763 3052 885 3113 displicet
906 3053 1105 3102 Terrenis-tt
1123 3053 1166 3101 Sic
1188 3066 1276 3103 ornnes

178 3120 235 3171 fere
244 3121 395 3171 Tor-renieni
407 3135 466 3170 curn
477 3121 539 3169 Vct.
551 3120 623 3180 Meg.
635 3118 743 3168 Venett.
756 3121 779 3164 1.
790 3118 814 3163 Ξ.
826 3119 849 3162 3.
860 3119 885 3165 4.
897 3119 922 3163 5.
934 3115 1040 3164 Medici.
1051 3121 1075 3164 i.
1086 3119 1111 3164 2.
1122 3117 1171 3163 dec.
1190 3116 1275 3178 vulgo,

177 3187 255 3246 coegit
266 3188 411 3234 descendere.
445 3185 508 3232 Mox
522 3182 614 3232 Heius.
627 3185 650 3230 l.
669 3195 684 3229 e
703 3178 881 3229 consedentibus.
914 3178 993 3227 Multi
1010 3177 1093 3226 estitit
1113 3191 1160 3239 pro
1177 3179 1275 3229 existit:

179 3249 301 3298 Berthins
312 3249 440 3298 molebat:
457 3247 609 3298 redeuntibus
630 3243 728 3308 pestifer
744 3244 902 3292 existit-48
918 3241 962 3290 Ite
978 3241 1076 3290 Cench.
1094 3243 1157 3302 rupti
1174 3244 1278 3291 nurntur‘s

179 3313 245 3363 Dan.
263 3313 360 3361 Brund.
374 3318 396 3362 1.
406 3316 430 3361 2.
449 3311 541 3374 viginti
559 3311 667 3360 Torren.
688 3308 741 3369 ulii,
756 3321 814 3356 conr
825 3306 887 3355 Vet.
903 3306 975 3368 Meg.
994 3306 1099 3354 Veneti.
1120 3308 1142 3353 1.
1161 3309 1186 3352 2.
1204 3309 1228 3352 ³.
1249 3311 1275 3355 ὅ.

178 3377 288 3426 Medici.
301 3382 324 3426 1.
337 3381 362 3425 2.
374 3375 452 3425 Aldd.
462 3380 484 3425 1.
495 3378 553 3424 Μ.
563 3377 587 3424 i.
597 3372 707 3422 Medici.
719 3375 743 3420 3.
756 3384 844 3419 omnes
856 3369 956 3434 Grypb.
968 3369 1056 3418 Chele.
1068 3367 1180 3430 Herbip.
1193 3368 1277 3419 Colin.

178 3441 267 3502 Steph.
279 3444 329 3490 dec.
346 3441 443 3490 Venet.
453 3444 477 3488 4.
489 3438 572 3501 cupiti,
585 3436 712 3501 qnonrodo
723 3436 801 3484 etism
814 3434 840 3482 ln
850 3434 924 3482 Leid.
937 3439 960 3482 t.
971 3433 1016 3482 sed
1025 3432 1138 3481 medinm
1148 3433 1158 3480 i
1169 3430 1276 3482 inferius

178 3510 401 3566 punctouotrtrun
409 3503 520 3567 jubetur
530 3502 619 3552 deleri.
651 3499 723 3550 Leid.
735 3503 760 3548 2.
778 3499 855 3561 ceptis
869 3497 960 3546 nemis:
977 3511 1041 3546 unus
1055 3497 1145 3546 Rheni.
1155 3497 1230 3559 cepit,
1248 3501 1276 3545 et

671 3642 775 3696 NOTAE

209 3756 349 3820 ΧΑοὶιοέο]
381 3757 479 3807 Achaia
501 3755 605 3822 proprie
626 3751 706 3816 diets,
779 3750 921 3814 mortiers]
948 3753 1024 3814 Quae,
1041 3752 1082 3800 vel
1101 3752 1183 3814 tripus
1202 3751 1274 3803 corio

179 3848 237 3896 pere
266 3841 323 3883 erut
346 3834 528 3896 Peloponnesi,
555 3833 706 3882 Corinthum
746 3827 873 3889 Pythonis
884 3835 980 3890 tectus,
992 3829 1034 3875 vel
1050 3841 1110 3890 pers
1130 3827 1220 3890 templi
1239 3828 1276 3876 in·

178 3908 244 3956 inter
260 3915 288 3958 et
304 3909 417 3957 Petras:
447 3910 499 3957 lete
518 3916 601 3956 sumtu
618 3908 706 3970 Epiro,
747 3901 838 3962 terior,
856 3901 901 3950 ubi
914 3909 940 3950 et
952 3901 1052 3949 cortine
1071 3901 1152 3964 tendi,
1162 3910 1190 3952 et
1201 3901 1275 3950 reddi

178 3981 320 4042 Thessalia,
332 3983 525 4044 Peloponneso,
537 3990 564 4029 et
580 3981 646 4029 merl
657 3981 706 4028 cir·
746 3976 851 4024 oracula
862 3975 987 4025 solebant.
1266 4024 1270 4032 ,
1315 4036 1320 4045 Ι

179 4058 371 4118 conscribitur3
395 4055 706 4117 inBoeoiiem,Atticem,
777 4059 787 4082 ¹
808 4051 970 4099 Reddente'hur
988 4050 1098 4116 pestifer]
1126 4053 1185 4104 Quo
1206 4053 1273 4102 enim

179 4130 438 4194 Phocidem,Locros,
446 4138 473 4180 et
482 4130 608 4181 Doridem
616 4130 705 4180 divise.
744 4128 923 4178 vehementior
933 4129 1042 4178 numinis
1060 4127 1168 4192 efflatus,
1180 4145 1210 4181 eo
1228 4146 1281 4196 pus

181 4202 268 4252 Hodie
279 4206 379 4256 hieedie
391 4212 418 4256 et
429 4206 549 4256 Rumellu.
744 4207 797 4256 elle
810 4206 928 4256 debilior.
