3214 5170
474 453 553 504 orr.
569 453 609 502 rr.
633 453 681 502 nn
705 451 978 504 ronrrrunrun.
1092 517 1098 532 ι
1208 439 1275 508 335

180 618 240 666 nec
267 595 341 666 ullo'
358 595 539 665 vorticis’⁶
561 599 702 662 circuitu
716 607 826 676 actus,
848 589 909 665 uec
932 599 1007 664 telis
1029 597 1173 682 quidem,
1196 619 1273 684 quae

180 701 326 783 nudique
339 701 607 781 congerebantur,
627 699 742 776 laesae,
769 705 875 764 tatum
891 699 1028 764 natandi
1042 706 1200 765 eventum
1214 703 1273 766 ha·

180 802 263 865 buit.
285 800 383 864 Unus
396 800 511 882 itaque
525 805 575 864 tot
588 801 724 878 civium,
739 806 790 865 tot
803 801 952 866 hostium
969 802 1003 864 ia
1014 820 1052 864 se
1067 801 1185 864 oculos
1197 820 1275 866 con·

180 902 290 978 vertit,
305 907 479 984 stupentes
492 901 568 964 illos
590 902 823 980 admiratione,
848 902 929 965 hos⁷
959 903 1048 966 inter
1069 903 1223 966 laetitiam
1243 909 1277 967 et

180 1005 301 1066 metum
315 1001 531 1067 haesitantes:
546 1023 698 1086 unusque
710 1003 795 1068 duos
807 1003 968 1068 acerrima
982 1009 1277 1084 pugnaconsertos

180 1103 360 1179 exercitus
385 1103 525 1168 alterum
551 1105 752 1186 repellendo,
775 1105 915 1168 alterum
937 1101 1189 1186 propugnando,
1208 1103 1277 1166 dis-

180 1202 295 1267 traxit.
341 1203 497 1286 Denique
526 1223 612 1268 unus
650 1205 724 1268 urbi
752 1213 878 1270 nostrae
907 1209 1034 1267 tantum
1065 1209 1160 1266 scuto
1186 1203 1276 1281 suo,8

180 1307 341 1386 quantum
369 1303 501 1368 Tiberis
530 1305 637 1381 alveo,
661 1305 858 1368 munimenti
885 1305 1006 1368 attulit.
1065 1302 1278 1387 Quapropter

181 1404 392 1469 discedentes
406 1404 566 1468 Hetrusci
580 1405 691 1470 dicere
705 1412 900 1489 potueruut:
916 1406 1113 1471 ‘Romanos
1123 1405 1276 1481 vicimuS,

182 1501 227 1569 ab
236 1504 383 1569 Horatio
397 1507 481 1570 victi
495 1506 630 1570 sumus?
639 1508 655 1536 '

224 1606 256 1670 2.
279 1607 513 1670 Immemorem
527 1625 580 1670 me
594 1607 758 1690 propositi
771 1607 837 1672 mei
848 1605 972 1671 Gloelia
986 1625 1085 1688 paene
1099 1605 1203 1671 fecit:
1220 1626 1278 1672 ea-

183 1705 259 1770 dem
271 1706 358 1769 enim
372 1712 598 1788 tempestate?
611 1714 699 1771 certe
714 1706 876 1772 adversus
889 1706 1034 1770 eundern
1046 1704 1186 1782 hostem,
1197 1711 1232 1770 et
1242 1707 1278 1770 in

182 1804 301 1870 eodem
314 1806 441 1885 Tiberi,
454 1806 620 1890 inclytum
636 1803 721 1872 aus'a
734 1807 881 1873 fucinus.¹
920 1808 1014 1872 Inter
1036 1811 1166 1870 ceteras
1190 1808 1279 1869 enim

183 1905 326 1988 virgines
349 1908 472 1970 obses⁰
492 1907 616 1972 hosti¹0
638 1908 796 1972 Porsenae
822 1908 913 1985 data,
938 1914 1100 1972 nocturno
1127 1913 1278 1987 tempore

184 2006 368 2070 custodiam
382 2025 532 2088 egressa,
559 2026 682 2088 equum
706 2001 914 2085 conscendit,
943 2008 1107 2090 celerique
1136 2005 1279 2089 trajectu

184 2102 342 2183 fluminis,
365 2125 434 2170 non
456 2109 567 2171 solum
592 2103 790 2182 obsidione,f
808 2107 867 2170 sed
890 2107 993 2170 etiam
1016 2113 1108 2170 metu
1135 2106 1279 2190 patriam

185 2206 299 2287 puella
314 2208 425 2286 solvit,
441 2209 521 2272 viris
535 2209 645 2272 lumen
658 2207 792 2272 virtutis
807 2207 1075 2290 praeferendo.¹¹†

216 2381 228 2416 ⁵
244 2383 310 2434 Naar
319 2399 392 2448 aecae
401 2399 433 2434 ec
442 2385 491 2435 alto
500 2389 570 2448 ponte
580 2385 607 2434 ia
610 2385 716 2448 flavium
726 2385 833 2434 madeat
848 2387 917 2434 laena
932 2389 977 2448 eet,
992 2398 1066 2448 aeque
1082 2395 1205 2448 oppreserit
1222 2394 1280 2443 porr·

184 2448 239 2498 dae
247 2462 374 2514 meorum,
385 2465 427 2499 nee
437 2449 548 2514 abreptae
556 2450 646 2513 impetu
651 2449 762 2514 flemiaie
771 2450 892 2500 conticeri.

641 2593 826 2614 W

184 2696 280 2742 tea-tl
296 2691 328 2739 ln
338 2696 439 2754 septem
451 2687 527 2738 codd.
544 2689 649 2750 urticia
666 2689 735 2753 quod
754 2689 780 2738 in
801 2689 930 2740 nonnullis
949 2687 1158 2742 emendatamin
1176 2687 1281 2736 vertute.

185 2755 251 2805 Mox
268 2755 343 2804 Harl.
362 2754 463 2816 aeduae
479 2754 506 2801 ia
519 2767 574 2801 eam
588 2754 829 2814 congeminatum-⁷
847 2756 953 2819 Gayeto
972 2755 997 2802 le
1016 2753 1110 2802 eudnrn
1130 2751 1280 2801 videbatur:

185 2823 306 2880 ereptam
316 2819 356 2866 loe
366 2815 652 2880 adnumerationem.
670 2817 834 2880 improbante
846 2819 990 2868 (ludio-8
1029 2817 1080 2866 eid.
1092 2819 1117 2865 2.
1133 2817 1226 2866 taalum
1236 2829 1282 2864 uao

185 2888 251 2931 muto
261 2896 310 2930 eae.
342 2881 522 2928 Poetealeid.
535 2885 558 2930 l.
570 2881 798 2940 murmurare
814 2882 939 2932 Nonnulli
957 2881 1035 2930 codd.
1049 2879 1155 2934 Cloelia:
1173 2879 1246 2928 Leid.
1256 2881 1282 2927 6.

188 2944 284 2994 Clodiu:
301 2945 362 2993 Vet.
375 2943 458 2991 Clodia
465 2944 547 3003 jacit:
562 2957 630 3006 pene,
640 2947 681 3004 tfe.
699 2945 770 3005 Lips.
780 2944 847 3006 conj.
857 2946 937 2992 eadem
947 2958 975 2990 eu
989 2948 1136 3004 tempestate,
1154 2942 1283 3003 probante

185 3007 340 3060 Perizonlo:
357 3007 445 3056 delent
456 3009 519 3068 enim
527 3005 620 3068 Ultraj·
630 3009 655 3054 2.
668 3011 696 3053 et
705 3004 779 3054 Leid.
789 3010 814 3054 7.
825 3007 911 3068 priore
923 3007 996 3064 loc03
1014 3005 1087 3053 Leid.
1099 3010 1123 3054 l.
1135 3009 1159 3051 5.
1172 3010 1200 3052 et
1210 3003 1284 3052 Harl.

188 3072 341 3137 posteriore.
375 3069 440 3118 Mox
452 3069 532 3119 Barb.
545 3074 569 3117 1.
581 3083 638 3116 anea
649 3066 859 3126 enfaetaae.·-10
875 3068 935 3118 Vet.
947 3081 1005 3118 curn
1024 3066 1100 3114 editla
1118 3065 1237 3115 omnibus
1257 3070 1285 3114 et

187 3137 317 3202 plerisque
325 3134 391 3184 Mae.
402 3134 515 3183 Poreenoe
531 3135 588 3182 data
598 3131 675 3188 eoem
691 3132 759 3181 uude
774 3133 912 3181 Periaouio
931 3138 959 3181 et
976 3129 1101 3180 Torrenio
1117 3130 1179 3178 leonti
1200 3129 1285 3191 glonna

188 3201 300 3250 videtur.
332 3199 397 3248 Mox
408 3198 491 3248 Bitur.
504 3203 527 3246 l.
538 3197 643 3246 carindia
653 3197 816 3256 egressa-11
833 3198 841 3225 ⁴
853 3197 914 3246 Vei.
931 3210 990 3246 oum
1000 3193 1088 3244 multis
1101 3191 1165 3242 Meu.
1180 3192 1285 3255 patriam

188 3270 253 3314 meta
262 3263 332 3313 eolait
341 3263 401 3312 nirie
409 3263 488 3325 puella
498 3262 576 3312 lumea
584 3259 721 3371 airtmivr
753 3261 845 3310 ereede.
878 3260 976 3309 Eodem
987 3271 1082 3308 sensus
1100 3255 1194 3306 Cloelia
1209 3255 1287 3330 rolyit

189 3335 261 3380 metu
281 3327 401 3391 patriam,
418 3325 480 3375 dum
497 3325 559 3374 viris
578 3324 666 3389 puella
695 3338 767 3372 ecem
787 3324 820 3373 ad
840 3323 963 3374 virtutem
982 3320 1100 3386 praefert.
1132 3319 1285 3369 Perizonius

190 3392 295 3457 conjicit
305 3391 382 3458 paulo
393 3397 470 3441 aute:
487 3389 577 3440 eladio
587 3404 622 3454 ee,
638 3389 679 3438 rel
690 3388 809 3438 aarum
823 3403 857 3439 ee.
889 3388 961 3439 Nihil
979 3386 1062 3452 opus!
1077 3385 1159 3448 Kopp.
1193 3383 1285 3434 Lectio

684 3533 792 3584 NOTAE

223 3650 239 3682 ³
253 3649 307 3700 Aa.
316 3650 355 3700 M.
364 3653 438 3702 8548.
462 3649 586 3700 olum.
616 3645 721 3696 Urac.
760 3654 816 3698 ret:
843 3654 897 3698 turn
915 3645 983 3710 Regi
1004 3638 1171 3708 percontanti
1192 3635 1235 3701 qui
1258 3635 1286 3685 id

191 3734 249 3782 etl.
276 3727 463 3778 Anacutdl.
760 3722 816 3773 lieri
830 3728 926 3788 poeeet,
940 3721 988 3771 ‘Si
1007 3719 1076 3769 niroe
1092 3712 1174 3786 ietoe,‘
1195 3710 1289 3776 inquit,

171 3799 174 3807 ’
222 3811 235 3838 ⁶
250 3804 362 3866 Virginea
369 3801 444 3864 elue]
456 3800 557 3850 Audaci
565 3799 644 3850 Mutii
652 3799 722 3850 ilca-
759 3800 767 3827 ⁴
778 3799 873 3849 amicae
885 3812 917 3847 ex
928 3795 1046 3846 hortibus
1057 3788 1171 3842 feceris!
1183 3843 1189 3857 ξ
1199 3786 1289 3872 Conti-

152 3937 156 3946 ,
193 3883 258 3932 vole
269 3880 386 3931 facinore
397 3879 506 3928 territae
517 3878 643 3939 Porsena,
662 3889 721 3925 cunr
760 3887 811 3924 uuo
822 3875 941 3923 Porsena
951 3870 1054 3920 obsides
1069 3873 1097 3916 et
1108 3862 1230 3914 Romanis
1241 3875 1288 3948 rnr-

194 3963 390 4021 quaereretque
409 3951 721 4002 rationeaRomenorum
759 3949 803 4010 eit,
819 3955 848 3997 et
870 3947 903 3996 ab
924 3947 955 3996 iie
975 3943 1060 4008 perlit,
1083 3941 1143 3989 dum
1163 3936 1196 3988 de
1216 3949 1288 4000 pecie

193 4031 242 4080 eibi
253 4038 359 4082 careret
377 4029 485 4092 lneidiie,
502 4026 637 4092 respondit
653 4025 721 4075 illiue
761 4020 951 4072 conditionibus
963 4016 1130 4068 conveniret:
1147 4014 1202 4064 dati
1213 4012 1288 4076 pueri

193 4103 277 4156 filinae
295 4122 345 4156 non
364 4105 532 4171 quaerendum
552 4117 604 4168 qua
620 4101 721 4150 ratione
760 4096 859 4146 nobilee
870 4101 898 4145 et
909 4094 1032 4157 virginee.

196 4193 224 4228 ee
245 4188 336 4232 contra
353 4183 453 4233 illarum
475 4179 581 4230 insidiae
600 4177 721 4239 muniret,
793 4168 868 4228 [Noa
878 4162 1286 4228 wamaieidtmwnmalloma·

197 4255 244 4304 ted
261 4270 311 4320 quo
330 4267 408 4321 paeto
419 4257 545 4310 onrtodlle
557 4271 606 4306 nan
623 4254 721 4320 ludige-
761 4249 810 4311 uie,
825 4253 879 4297 tum
895 4246 928 4296 ab
937 4246 994 4308 ipro
1005 4244 1119 4293 Porsena
1130 4239 1227 4290 Cloelia
1240 4237 1288 4288 vlr-
