3214 5170
464 465 544 512 car.
561 464 625 512 vu.
650 465 698 512 nn
723 465 877 513 rrnuora
902 466 992 516 sur·
1058 477 1059 480 ¹
1200 453 1269 518 399

177 614 207 677 ei
229 613 320 678 cir'es
334 611 409 675 irati
423 608 673 674 sternendarum
693 609 727 670 in
752 609 878 691 oppido
898 612 1028 674 viarum
1053 613 1264 678 contumeliae

179 733 285 778 causa
299 730 413 776 earam
427 709 628 785 mandarent,
641 707 728 792 (erat
744 710 830 771 onim
845 709 929 774 illud
945 711 1157 774 ministerium
1173 713 1269 794 apud*

179 833 239 878 eos
254 807 550 893 sordidissimum)
571 811 644 874 sine
657 811 726 874 ulla
748 813 960 874 cunctatione
975 811 1010 874 id
1027 813 1165 894 recepit,
1188 813 1267 876 ‘da-

179 922 354 996 turumque
369 933 406 978 se
421 931 557 995 operam
571 917 607 976 ut
620 911 714 975 brevi
725 909 752 958 ⁶⁵
775 913 1064 993 speciosissimum
1080 911 1192 990 fieret,’
1215 935 1267 978 as-

106 1097 110 1102 *
180 1017 354 1080 serenavit.
413 1013 560 1077 Mirifice
588 1011 708 1076 deinde
736 1013 979 1092 procuratione,
1006 1013 1266 1095 abjectissimum

179 1117 349 1198 negotium
365 1133 425 1198 pro
451 1114 660 1198 amplissimo
679 1120 872 1178 ornamento
896 1115 1119 1196 expetendum
1143 1115 1269 1198 Thebis

179 1217 342 1286 morrono
828 1199 832 1212 '
1283 1288 1295 1295 ,.

221 1317 253 1381 6.
277 1316 448 1381 Hannibal
475 1334 555 1379 vero
578 1333 654 1378 cum
680 1313 770 1396 apud
796 1333 905 1395 regem
928 1315 1082 1380 Prusiam
1104 1318 1270 1392 exularet,

180 1425 362 1504 auctorque
387 1419 418 1479 ei
444 1415 675 1479 committendi
702 1413 870 1496 praelii⁶⁶⁶
890 1422 990 1492 esset,
1025 1422 1124 1498 atquo
1152 1418 1182 1480 is
1204 1436 1272 1480 nou

179 1518 268 1582 idem
288 1520 353 1582 sibi
375 1517 463 1580 extis
486 1515 640 1598 portendi
665 1515 813 1578 diceret:
836 1514 911 1578 ‘Aa
925 1516 981 1593 tu,’
1002 1517 1119 1598 inquit,
1141 1516 1273 1581 ‘rituli-

179 1637 233 1682 nae
256 1617 458 1692 carunculae,
481 1635 585 1698 quam
610 1615 803 1697 imperatori
829 1617 948 1692 veteri,
972 1617 1081 1679 maris
1105 1617 1274 1680 erederel'

181 1717 218 1782 Si
231 1719 334 1782 verba
348 1736 511 1794 numeres,
525 1715 669 1780 breviter
683 1721 720 1780 et
740 1715 871 1779 absciso
884 1725 922 1779 :²¹⁸
933 1714 960 1764 ⁶⁷
983 1715 1014 1778 si
1029 1733 1160 1780 sensum
1181 1720 1272 1782 aesti-

180 1837 261 1896 mes,
276 1819 413 1901 copiose
427 1823 461 1882 et
474 1818 627 1881 valenter.
671 1816 860 1899 Hispanias
876 1820 964 1883 enim
978 1817 1129 1899 direptas
1144 1820 1271 1900 populo

180 1921 346 1997 Romane,
359 1925 393 1983 et
406 1918 593 1984 Galliarum
603 1916 630 1957 ⁶⁸
645 1937 685 1981 ac
696 1916 842 1998 Liguriae
857 1919 944 1982 vires
959 1920 1104 1983 insuam
1119 1919 1271 1982 redactas

181 2025 394 2103 potestatem,
409 2030 445 2084 ot
464 2039 555 2084 novo
579 2013 743 2082 transituf
761 2015 899 2099 Alpium
924 2018 1007 2100 juga
1032 2018 1215 2101 patefacta,
1238 2026 1272 2082 et

181 2120 411 2185 Trasimenum
426 2121 538 2183 lacum
553 2119 625 2183 dira
638 2120 783 2182 inustum
797 2121 967 2197 memoria,
977 2125 1011 2184 et
1021 2119 1155 2184 Cannas
1170 2119 1272 2182 Puni-

143 2306 145 2310 ι
182 2241 232 2286 cae
246 2221 394 2285 victoriae
408 2220 627 2284 clarissimum
640 2225 898 2297 monumentum,
924 2227 958 2285 et
970 2221 1123 2304 Capuam
1139 2237 1272 2303 posses-

183 2341 267 2398 sam,
282 2329 318 2385 et
332 2321 466 2386 Italiam
477 2321 660 2385 laceratam
673 2328 753 2385 ante
767 2321 872 2403 pedes
886 2322 1027 2386 hominis
1043 2321 1178 2401 effudit;
1200 2323 1272 2385 uni-

181 2443 288 2506 usque
303 2423 423 2486 hastiae
432 2422 574 2506 jecinori
587 2423 686 2506 longo
711 2423 939 2506 experimento
965 2429 1119 2488 testatam
1135 2423 1273 2504 gloriam

182 2544 277 2589 suam
292 2525 450 2607 postponi
465 2544 564 2607 aequo
580 2525 690 2588 animo
715 2544 782 2590 non
806 2525 892 2591 tulit.
938 2523 984 2588 Et
1009 2542 1089 2588 sane
1114 2524 1206 2606 quod
1229 2523 1273 2587 ad

209 2763 233 2788 ¹⁸
248 2756 288 2804 Aa
303 2761 340 2815 ta,
355 2755 443 2868 torpuit,
459 2756 535 2806 aava
547 2759 640 2806 credere
654 2757 751 2808 mortuis
765 2760 832 2809 extis
843 2760 914 2808 vitali
930 2759 1036 2822 mart,
1053 2773 1122 2822 qaam
1132 2757 1273 2822 Imperatori

179 2820 376 2880 prestantissima
417 2820 447 2868 st
458 2821 525 2869 cerba
535 2835 649 2885 numeres,
659 2823 780 2885 respondit
790 2823 891 2872 breuiter
901 2828 924 2872 at
934 2825 1031 2874 canaba.

630 2965 812 2985 ONJMON

183 3063 246 3106 -65
264 3053 347 3108 Biton.
360 3063 383 3109 1.
394 3064 421 3108 ut
431 3059 538 3110 intravi.
569 3059 644 3110 Idem
653 3077 712 3111 max
724 3063 794 3112 delet
803 3063 894 3125 Thebis,
912 3077 958 3125 pro
976 3077 1025 3126 quo
1041 3063 1193 3112 Perizonius
1212 3063 1276 3124 legit

186 3121 309 3186 Thebanis,
333 3124 496 3186 improbante
514 3125 627 3188 Kappio.
661 3125 744 3176 Toeto
762 3132 803 3176 est
820 3128 862 3174 ‘in
882 3128 945 3176 urbe
959 3127 1164 3176 Thebano.'-66
1181 3128 1274 3188 Capes.

183 3190 308 3248 auctorque
322 3188 404 3248 praiii
417 3189 583 3246 conmittendi,
599 3191 694 3240 omisso
710 3192 745 3252 τῷ
762 3191 793 3240 ei.
826 3190 890 3239 Mox
910 3191 989 3241 Barb.
1007 3195 1031 3239 1.
1051 3189 1142 3239 Leldd.
1160 3193 1185 3238 2.
1203 3195 1227 3238 o.
1247 3199 1274 3238 et

185 3249 278 3322 llopes.
289 3266 335 3299 noo
347 3253 408 3301 mem
417 3252 512 3302 actaea
523 3255 602 3312 extis,·
619 3255 693 3304 Leia.
705 3260 727 3305 l.
745 3259 768 3304 et
787 3254 849 3303 mem
865 3270 911 3304 aaa
926 3255 972 3303 aidi
988 3255 1043 3310 iric,-
1058 3267 1124 3303 uaris
1143 3254 1274 3302 Rhemat

182 3313 244 3362 ulem
256 3328 301 3362 non
311 3315 357 3364 eibi
367 3316 482 3366 boa—67
500 3318 623 3368 Quaedam
637 3318 698 3368 edd.
708 3319 805 3369 babent
815 3318 990 3370 abscissa—68
1007 3317 1139 3381 Hispanias
1148 3332 1168 3367 e.
1183 3321 1275 3378 ereptus

182 3390 207 3436 p.
219 3376 333 3439 Romano,
352 3379 546 3444 Galliarum,tf'c.
558 3383 682 3446 inCamp.
699 3384 735 3432 Η.
753 3399 773 3432 e.
791 3385 903 3446 direptas,
920 3383 1000 3446 papuli
1018 3382 1119 3431 Romani
1138 3386 1172 3442 et,
1189 3383 1228 3440 ipa.
1249 3380 1274 3427 in

184 3438 255 3500 elliu
273 3456 359 3492 omues
370 3445 476 3494 Torrea.
488 3447 582 3497 lrabeat
592 3447 705 3510 direptas,
716 3448 757 3496 vel
767 3449 889 3510 dereptas:
906 3447 1040 3496 duodecim
1052 3446 1158 3508 habeut,
1174 3451 1198 3494 ct
1217 3443 1275 3492 Gal·

677 3606 783 3657 NOTAE

184 3729 228 3778 De
250 3728 383 3780 Annibalis
407 3733 520 3783 victoriis
537 3736 593 3798 jam
614 3736 709 3800 sapius
745 3735 888 3800 jicijnsrit.
921 3735 1102 3798 Italartiuus,
1121 3731 1230 3793 Probus,
1247 3737 1276 3779 et

186 3803 305 3854 diximus.
749 3814 822 3863 Prot.

216 3881 404 3930 ‘ammiramur
412 3882 502 3945 pretii]
518 3883 582 3932 Cam
594 3885 709 3934 Eumene
782 3892 793 3938 i
805 3887 854 3936 Ao.
867 3887 905 3934 M.
916 3890 988 3936 3687.
1005 3885 1048 3935 01.
1059 3889 1114 3934 loa.
1127 3886 1151 3934 2.
1167 3882 1230 3932 Urb.
1242 3882 1273 3932 C.

185 3952 346 4018 Pergameno
364 3956 460 4005 bellum
479 3965 630 4020 susceperat
644 3960 709 4008 Pra-
750 3965 808 4010 886.
827 3960 888 4010 Aut.
899 3961 945 4010 Cb.
956 3965 1013 4011 366.

187 4027 252 4078 sias:
269 4038 297 4080 et
309 4031 341 4080 ab
353 4045 384 4081 eo
397 4045 481 4094 pagna
497 4034 614 4082 terrestri
626 4035 709 4083 victas
781 4032 869 4083 fNouo
880 4034 994 4097 transtu]
1018 4033 1123 4096 Alpium
1138 4034 1203 4096 juga
1217 4047 1274 4081 curn

187 4109 241 4148 eut:
259 4105 393 4155 atnaralis
406 4106 527 4168 praiiiet
543 4107 710 4158 rictoriaeilli
750 4109 867 4159 exercitu
895 4109 991 4171 primus
1019 4108 1131 4157 Annibal
1154 4121 1276 4170 superare

187 4179 276 4221 auctor
296 4177 345 4227 luit
366 4180 487 4243 Annibal,
503 4184 547 4245 qni
567 4196 642 4232 omne
658 4197 711 4233 ser·
751 4198 827 4233 ausus
839 4191 890 4243 est;
916 4185 941 4232 in
961 4198 1012 4248 quo
1025 4184 1134 4232 transitu
1145 4187 1186 4232 80.
1197 4182 1275 4231 horni-

188 4253 294 4308 pentum
306 4266 384 4314 genua
394 4257 492 4307 medios
512 4258 539 4306 iu
554 4259 641 4309 bootes
652 4273 712 4322 pro·
750 4274 810 4308 nuru
822 4259 902 4308 millia
912 4259 1023 4309 amisisse
1035 4257 1126 4308 fertur.
