3210 5158
323 409 390 478 462
618 407 770 478 causali
797 421 940 470 unxrnr
967 423 1036 468 ura.
1063 421 1113 468 ιν.

324 589 385 636 ceo
399 571 483 634 enim
496 576 521 615 ³²
535 566 627 649 quod
642 568 799 649 princeps
813 563 960 628 civitatis
972 562 1074 626 filiam
1086 564 1117 626 ei
1129 571 1265 646 nuptum
1281 563 1409 639 dedice

324 671 421 754 eujus
435 676 575 753 penates
600 674 666 732 tam
688 667 823 749 jejunos
846 665 990 746 pecnnia
1014 664 1175 729 videbat*
1218 664 1310 743 Quin
1336 666 1414 747 ipse

324 791 458 856 quoque
469 771 555 837 adeo
570 771 669 853 inops
683 768 837 841 decessit,
846 770 894 842 ut,
908 765 972 828 nisi
985 764 1117 841 fundus,
1133 785 1233 847 quem
1248 785 1348 830 unum
1360 785 1412 828 re-

322 875 477 956 liquerat,
491 874 644 947 veumset
658 886 740 932 uxor
753 865 828 949 ejus
841 865 956 929 dotem
969 865 1054 930 uude
1067 866 1253 947 reciperet:
1267 883 1336 931 norr
1350 883 1410 929 ex-

323 974 464 1040 titisset!
506 971 617 1036 Animi
638 969 780 1030 virorum
802 972 836 1030 et
858 967 1067 1052 imminutum
1089 966 1242 1047 rigebant
1268 969 1300 1030 in
1328 968 1414 1030 eivi-

324 1081 409 1141 tate:
431 1087 611 1151 eorumque
627 1068 725 1131 bonis
740 1066 909 1148 dignitatis
925 1069 1105 1132 [estimatio
1119 1069 1248 1132 cunctis
1264 1069 1297 1130 in
1309 1067 1410 1131 rebus

320 1169 576 1258 ponderabatur.
621 1167 708 1232 Hac
724 1169 862 1250 imperia
877 1170 1117 1234 conciliabant:
1139 1169 1211 1232 haec
1222 1169 1415 1252 Jungebant·

321 1273 516 1338 affinitates:
539 1270 613 1336 haec
629 1271 665 1332 iu
678 1269 763 1346 toro,
785 1269 860 1334 base
874 1271 907 1334 in
922 1271 1054 1348 comest*
1074 1272 1146 1334 bueo
1159 1271 1245 1334 intra
1258 1269 1413 1351 privatos

320 1374 461 1456 parietes
475 1372 654 1455 plurimum
676 1376 841 1453 poterant.
886 1369 1007 1434 Patriae
1033 1372 1121 1434 euim
1143 1389 1212 1433 rem
1235 1371 1412 1452 unusquis-

320 1491 396 1556 que,
417 1491 486 1537 non
508 1487 603 1536 suam
632 1491 751 1553 angere
775 1473 994 1556 properabat:
1015 1489 1214 1555 pauperque
1239 1470 1274 1534 iu
1296 1468 1409 1547 divite,

319 1591 422 1657 quem
435 1571 530 1638 dives
545 1574 580 1636 ln
599 1591 748 1655 paupere
768 1573 910 1654 imperio
934 1573 1059 1638 versari
1086 1572 1255 1638 malebat*
1297 1570 1408 1654 Atque

320 1675 399 1739 huic
414 1682 486 1738 tam
500 1675 664 1756 praeclaro
678 1674 854 1755 proposito
870 1674 930 1738 illa
942 1692 1070 1738 merces
1089 1672 1294 1750 reddebatur,
1319 1673 1412 1754 quod

320 1774 404 1839 nibil
417 1791 617 1857 eorumquae
632 1773 747 1836 virtuti
762 1772 922 1838 debentur
940 1793 1047 1836 emera
1061 1773 1207 1856 pecuma
1219 1773 1348 1848 licebat,
1358 1775 1407 1837 in-

321 1877 477 1960 opimque
491 1875 667 1938 illustrium
683 1875 829 1938 virorum
842 1875 976 1958 publiea
991 1877 1280 1940 succurrebatur.³⁵

364 1977 417 2041 10.
439 1976 561 2059 Itaque
584 1993 661 2040 cum
685 1975 834 2040 meando
857 1975 989 2042 Punico
1014 1977 1102 2042 bello
1126 1977 1187 2042 Gn·
1212 1975 1344 2059 Scipio⁸
1364 1992 1408 2038 ax

322 2079 494 2161 Hispania
508 2077 641 2142 senatui
655 2078 853 2159 scripsisset,
863 2083 981 2160 petens
990 2084 1026 2141 ut
1039 2079 1105 2143 sibi
1119 2097 1289 2143 successor
1303 2077 1410 2139 mitte—

321 2185 422 2255 retur,
437 2179 518 2258 quia
532 2176 636 2241 filiam
650 2177 810 2258 virginem
826 2176 952 2242 adultae
970 2178 1043 2261 jam
1057 2180 1168 2244 aetatis
1182 2178 1335 2254 haberet,
1355 2195 1412 2238 oa-

320 2299 387 2363 que
401 2280 433 2342 ei
448 2279 519 2340 sine
535 2297 571 2341 se
587 2279 650 2342 dos
665 2278 817 2360 expediri
831 2284 966 2360 posset:
989 2283 1122 2341 senatus
1147 2297 1190 2340 ne
1217 2280 1412 2360 respublica

320 2382 410 2444 bono
424 2378 512 2442 duce
532 2387 670 2455 careret,
697 2379 802 2459 patris
831 2378 895 2439 sibi
921 2382 1033 2458 partes
1058 2376 1229 2451 desumsit,
1253 2378 1412 2440 consilio-

320 2499 387 2562 que
408 2478 525 2543 uxoris
552 2497 594 2540 ac
623 2477 883 2558 propinquorum
914 2476 1084 2559 Scipionis
1112 2475 1290 2542 constituta
1317 2476 1413 2550 dote,

322 2595 483 2644 summam
504 2576 579 2658 ejus
600 2595 643 2638 ex
670 2576 786 2640 aerario
801 2578 964 2658 erogavit,
993 2597 1034 2641 ae
1062 2576 1207 2660 puellam
1230 2583 1372 2660 nuptum
1383 2581 1411 2627 ³⁶

322 2681 421 2746 dedit.
466 2675 563 2742 Dotis
576 2675 696 2740 modus
713 2678 931 2742 xu.millia³⁷
954 2680 1033 2743 ueris
1048 2678 1122 2743 tuit.
1167 2677 1322 2761 quuo³8
1344 2700 1413 2745 non

353 2890 363 2922 l
380 2893 618 2953 calcedonensium
630 2909 754 2956 pauperem
765 2896 866 2945 uidebat.

351 2953 363 2997 l
378 2956 439 3006 Noa
445 2957 599 3020 rupmfuisret
609 2961 672 3008 unde
681 2974 741 3008 acor
751 2959 817 3010 illiue
826 2963 902 3009 dotent
911 2961 1032 3024 reciperet.

776 3101 959 3121 ‘um

323 3195 399 3247 deest
408 3198 435 3246 in
447 3197 600 3261 quibusdam
612 3198 755 3248 codd—82
772 3199 867 3263 Copae.
877 3214 928 3248 uon
941 3201 1055 3264 agnoseit
1066 3200 1095 3248 rb
1104 3201 1180 3258 enim
1196 3201 1311 3250 retinent
1320 3202 1412 3254 reteri.

321 3265 386 3310 -dt
405 3260 447 3310 ltu
457 3276 490 3310 ex
502 3262 578 3312 codd.
590 3263 715 3325 Pighins3
732 3264 818 3327 itaque
831 3264 927 3312 erano.
938 3270 961 3314 l.
973 3269 997 3314 ὓ.
1011 3279 1069 3313 eum
1081 3266 1167 3314 mrrltis
1178 3266 1283 3315 Torren.
1295 3267 1318 3314 ei
1327 3269 1413 3328 nuptui

322 3325 398 3384 dedit,
413 3326 477 3385 epus
485 3328 584 3387 pecunie
593 3327 741 3387 tomitianus
749 3333 846 3391 penates
854 3328 880 3376 in
891 3328 951 3377 edd.
963 3336 1029 3378 vett.
1044 3335 1141 3392 nuptum
1150 3329 1215 3378 dedit
1226 3329 1318 3391 copes.
1337 3336 1415 3392 nupta

322 3388 408 3438 Bitur.
420 3393 443 3436 1.
472 3389 535 3438 Mox
546 3391 572 3438 in
584 3392 710 3440 modullis
720 3393 827 3440 Torren.
837 3393 899 3440 eade
906 3408 967 3441 uuor
976 3393 1025 3454 eiua
1034 3395 1109 3442 dotem
1121 3395 1307 3456 reciperet-³⁴
1323 3394 1415 3442 Verba

322 3451 372 3500 ltoec
382 3451 480 3500 inmrie
491 3450 584 3502 desunt
593 3455 619 3503 in
631 3453 774 3504 octodecim
785 3453 861 3504 redd.
872 3456 978 3506 Torren.
991 3465 1018 3506 et
1029 3457 1163 3518 Moe-8⁵
1179 3459 1256 3519 Atque
1267 3492 1273 3506 .
1283 3489 1289 3504 .
1300 3489 1307 3505 .
1318 3472 1414 3506 succur-

322 3515 420 3564 redntuc
430 3514 523 3563 desunt
533 3515 560 3563 in
574 3518 734 3580 [talpa-ac
749 3519 792 3569 Ita
802 3519 909 3580 Piglrins
921 3535 953 3568 ex
970 3520 1044 3569 codd.
1061 3521 1146 3583 nuptui
1165 3521 1256 3584 Copes.
1273 3529 1298 3568 et
1319 3519 1414 3584 Ultraj.

323 3581 349 3626 1.
361 3587 388 3628 et
398 3578 457 3628 edd.
468 3582 597 3627 vett-8⁷
615 3582 700 3630 Celer.
710 3582 789 3644 'llrya
802 3589 829 3631 et
839 3582 932 3645 Delplr.
943 3585 1050 3633 undecim
1061 3585 1151 3642 millim-
1167 3585 1250 3634 Bitur.
1262 3590 1285 3634 l.
1296 3585 1376 3633 Barb.
1389 3589 1412 3632 2.

322 3641 397 3690 laeid.
406 3647 431 3691 7.
442 3648 470 3691 et
481 3642 629 3705 superiores
638 3644 696 3692 edd.
709 3645 766 3694 XL.
775 3646 850 3694 sribia
856 3662 866 3701 ‚·
882 3654 910 3695 et
920 3648 958 3695 ira
968 3647 1148 3710 Pighius—tls
1160 3647 1256 3696 Decem
1268 3648 1343 3696 codd.
1354 3663 1412 3694 rnnr

324 3705 385 3756 Vct.
402 3713 431 3756 et
449 3705 709 3771 stupescentem
726 3709 771 3758 ln:
788 3709 814 3756 in
833 3710 889 3758 aliis
906 3711 965 3759 edd.
986 3713 1048 3766 Qec.
1082 3711 1145 3762 Mox
1164 3712 1259 3775 Uitrajc
1279 3717 1302 3760 1.
1320 3712 1411 3761 tobim

811 3836 922 3888 NOTAE

355 3931 849 3998 ¹19ucmndemtpmc]1deaeuum
921 3934 1001 3990 tAu.
1013 3937 1052 3986 M.
1063 3941 1137 3987 ³894.
1168 3936 1309 3987 Ollio-l.
1341 3931 1412 3985 Urb.

323 4004 440 4056 referunt
458 4009 548 4058 Florus
562 4016 591 4060 et
605 4010 712 4072 Victor3
729 4025 744 4058 a
758 4010 848 4075 quibus
889 4013 919 4062 c.
932 4016 988 4062 59³.
1016 4012 1079 4063 Ant.
1088 4014 1134 4063 Cb.
1145 4017 1201 4063 159.

324 4077 463 4130 dissentire
485 4083 588 4132 ridetur
606 4084 773 4148 Plutarchus,
788 4085 850 4134 duro
925 4088 986 4136 'Ca
999 4087 1089 4150 Scipio]
1107 4089 1157 4139 Qui
1170 4084 1293 4149 Scipionis
1305 4083 1417 4133 Nasicae

327 4150 510 4219 affirmatoper
522 4159 615 4210 AEmilil
627 4158 706 4212 fuisse
721 4168 777 4213 tw.
793 4163 848 4212 mil·
889 4169 973 4225 peter,
995 4170 1024 4212 et
1045 4162 1161 4212 Africani
1183 4161 1283 4224 majoris
1305 4163 1416 4222 patruos

325 4225 389 4278 llum
399 4227 466 4274 aeris.
889 4235 947 4286 fnit.
981 4238 1090 4286 Consule
1102 4237 1145 4289 lib.
1156 4253 1176 4288 r.
1194 4241 1253 4288 ab.
1270 4251 1296 4286 u.
1308 4241 1332 4286 2.
