3386 5262
5 1401 41 1414 Μ..

500 673 729 722 rnsrruourn
755 675 800 720 uu
823 676 989 724 Junrern.
1246 665 1288 730 21

202 837 276 880 rum
290 817 465 894 varietate,
478 815 511 882 hu
527 818 649 900 quibus
665 817 728 882 etsi
742 819 822 882 nihil
836 825 897 896 est,
913 819 1003 902 quod
1018 839 1082 882 non
1098 821 1189 902 apud
1202 823 1290 886 aliur

204 937 337 1000 quoqne
351 919 544 1000 reperiatur,
569 925 679 984 tamen
702 922 756 984 vel
779 920 830 984 sie
855 920 998 1003 jurabat
1023 922 1114 985 velut
1138 923 1200 986 suh
1225 943 1290 989 uno

202 1020 292 1082 fasce
305 1019 546 1102 comprehensa
561 1020 692 1099 intueri,
702 1042 776 1104 quae
791 1022 846 1086 hie
860 1023 931 1086 illic
946 1043 1067 1105 sparsa
1081 1044 1148 1087 nou
1161 1024 1228 1087 nisi
1241 1027 1291 1088 la-

201 1121 333 1184 boriose
349 1121 634 1204 conquirerentur.

244 1318 331 1382 Dan.
346 1316 473 1400 Georg.
489 1317 683 1393 Morhotiua
699 1317 842 1400 Polyph.
858 1317 932 1384 Lib.
950 1335 1000 1384 lv.
1015 1338 1045 1391 e.
1057 1319 1110 1382 12.
1125 1319 1214 1384 Seet.
1228 1320 1259 1384 6.

245 1479 314 1549 Sub
330 1487 446 1552 eodem
462 1487 665 1571 Imperatore
680 1487 815 1552 Tiberio
831 1487 919 1552 vixit
933 1486 1089 1552 Valerius
1106 1484 1291 1565 Maximus,

199 1587 301 1668 paulo
316 1593 438 1666 tamen,
462 1595 498 1654 ut
521 1592 676 1656 observat
690 1590 846 1668 Vossius,
872 1595 950 1673 post
970 1586 1147 1666 Velleium,
1161 1591 1288 1672 quippe

200 1689 258 1768 qui
274 1689 394 1773 Sejano
409 1693 546 1773 turpiter
573 1691 682 1756 adhue
706 1691 869 1768 adulatur,
890 1709 989 1772 quem
1006 1694 1121 1752 eontra
1135 1688 1292 1752 Valerius

196 1786 270 1870 jam
298 1791 507 1855 interemtum
527 1792 730 1856 vehementer
749 1793 903 1874 exagitet.
951 1789 1065 1855 Dictio
1088 1794 1196 1852 tamen
1221 1789 1293 1872 ejus

201 1895 269 1952 tam
286 1910 407 1975 aspera
420 1893 616 1977 horridaque
630 1897 692 1969 est,
714 1901 752 1956 ut
769 1893 840 1977 jam
856 1893 936 1956 olim
952 1891 1111 1954 Erasmus
1137 1890 1172 1952 in
1196 1889 1293 1954 Cice·

200 1992 346 2071 rontano,
362 1992 446 2058 Afro
461 1997 569 2077 magis
585 1996 724 2058 similem
741 2015 826 2072 esse,
850 2013 949 2077 quam
979 1991 1064 2056 ltalo
1088 2011 1163 2055 eum
1179 1999 1293 2056 aucto·

200 2111 272 2154 rem
283 2093 454 2176 judicarit,
467 2116 529 2160 nee
553 2097 662 2178 magis
686 2094 841 2159 Ciceroni
866 2096 1019 2169 similem,
1047 2113 1145 2173 quam
1169 2092 1296 2156 homiui

202 2193 323 2255 mulus.
356 2195 447 2258 Hinc
463 2196 497 2276 in
510 2199 624 2260 varias
639 2197 820 2277 opiniones
831 2198 914 2258 itum
931 2215 952 2256 a
966 2194 1047 2256 viris
1062 2192 1179 2253 doctis
1218 2188 1294 2253 Ple·

202 2290 299 2374 rique
313 2313 379 2356 non
393 2295 553 2374 integrum
568 2294 753 2368 Valerium,
779 2295 840 2356 sed
865 2293 939 2374 ejus
964 2293 1140 2372 Epitomen
1167 2296 1296 2353 tantum

204 2410 383 2473 superesse
413 2391 549 2455 volunt:
581 2390 670 2474 quod
697 2397 805 2454 tamen
826 2410 893 2453 non
918 2389 1133 2473 usqueadeo
1160 2398 1296 2456 certum.

95 2573 98 2580 Ι
204 2489 357 2574 Reliquit
376 2491 626 2574 Exemplorum,
642 2512 699 2554 seu
718 2493 891 2555 Dictorum
907 2492 1152 2572 Factorumque
1169 2492 1296 2556 Memo-

201 2594 358 2657 rabilium
373 2593 448 2657 Lib.
466 2609 520 2655 lx.
566 2593 604 2656 In
619 2593 867 2675 exemplaribus
882 2593 1021 2676 seriptis
1042 2591 1297 2673 hujusauotoris
1366 2670 1368 2686 Ι

201 2699 329 2758 tantam
345 2713 418 2758 esse
432 2695 629 2758 varietatem
652 2699 748 2757 notat
772 2693 930 2757 Barthius
944 2690 1092 2756 Aduena
1118 2693 1194 2757 Lib.
1212 2711 1297 2760 X1x.

202 2814 280 2878 cap.
296 2795 349 2858 15.
371 2801 407 2857 ut
429 2815 628 2878 componere
652 2814 741 2860 nova
766 2795 934 2860 veteribus
958 2795 1097 2860 adorsus
1123 2795 1182 2859 vix
1208 2797 1298 2860 scias

204 2916 366 2980 quorsum
379 2904 508 2960 vertere
530 2897 724 2962 sententiam
739 2897 833 2962 velis.
878 2895 973 2962 Idem
1000 2897 1161 2962 Barthius
1182 2899 1256 2962 Lib.
1273 2915 1298 2962 ι.

205 3017 288 3079 cap.
301 2997 356 3060 10.
387 2997 556 3062 Valerium
573 2997 761 3062 Maximum
783 2999 917 3062 minime
932 3018 976 3064 ex
991 3001 1086 3081 genio
1109 3000 1227 3068 saeeuli
1247 3000 1298 3064 lo·

204 3104 333 3175 cutum,
345 3097 502 3163 Vitruvio
517 3099 850 3182 levioremsiuvidiam
864 3099 975 3164 facere
987 3089 1087 3183 posse
1102 3104 1161 3167 ait.
1184 3103 1298 3166 Adeo-

204 3220 273 3284 que
288 3200 366 3284 quin
381 3201 561 3282 ipsiusmet
572 3199 703 3262 Valerii
716 3199 812 3264 labor
829 3200 870 3276 is,
880 3218 979 3280 quem
993 3200 1166 3276 habemus,
1185 3201 1299 3265 hodie-

205 3319 276 3384 que
303 3301 456 3385 supersit,
483 3317 552 3362 non
573 3297 717 3362 dubitat.
764 3293 857 3380 Confi
882 3293 969 3358 Lud.
998 3294 1087 3360 Vtere
1112 3299 1148 3362 de
1166 3296 1299 3384 Discipl.

205 3587 411 3670 Fragmenta
426 3586 494 3650 duo
509 3603 554 3648 ex
568 3581 781 3646 Adversariis
797 3581 902 3665 Casp.
920 3551 1048 3647 Bartbii
1062 3581 1210 3659 ineditis,
1225 3603 1300 3666 quae

337 3709 359 3752 a
373 3687 495 3753 Christ
512 3686 661 3751 Daumio
677 3686 845 3767 quondam
861 3705 937 3752 cum
958 3679 1011 3748 Ch
1027 3678 1173 3748 Antonio

461 3788 636 3854 Perizonio
652 3787 785 3851 fuerunt
799 3787 1052 3854 communicata.

254 3939 384 4004 Valerii
401 3937 546 4002 Maximi
557 3939 694 4002 Saleota
708 3936 977 4002 Memorabilium
989 3938 1166 4001 Dictorum
1181 3935 1302 4000 Facto·
1360 3945 1366 3957 ‘

203 4061 349 4125 rumque
361 4047 488 4124 quanto
498 4057 574 4104 cum
589 4041 698 4103 sruetn
712 4038 864 4120 legantur
876 4039 1042 4102 neminem
1056 4039 1145 4101 latet.
1176 4037 1302 4101 Eadem

204 4143 393 4212 aestimatio
403 4142 455 4205 illi
469 4142 504 4204 in
519 4141 677 4206 Romana
688 4141 888 4223 antiquitate
903 4141 978 4216 fuit,
996 4145 1110 4222 utpote
1125 4138 1220 4221 cujus
1234 4145 1303 4202 tes-

204 4246 354 4312 timonio
372 4250 509 4310 utantur
531 4243 709 4326 Philologi,
732 4259 798 4304 non
823 4243 984 4324 postremi
1008 4239 1152 4304 omnium
1176 4240 1303 4322 priseo-

206 4367 298 4424 rum,
323 4346 382 4410 sed
408 4366 483 4412 eum
506 4347 624 4430 primis
647 4342 816 4409 censendi.
864 4341 1016 4426 Agellins
1042 4343 1117 4406 Lib.
1140 4358 1211 4406 ΧΠ.
1226 4362 1256 4406 c.
1270 4343 1303 4404 7.

208 4447 416 4512 Plutarchus
429 4448 464 4513 in
478 4453 629 4517 extrema
643 4445 768 4532 pagina
782 4444 862 4510 vitae
879 4445 986 4523 Bruti,
1011 4449 1044 4508 et
1068 4464 1133 4512 nou
1154 4461 1253 4510 nemo
1273 4439 1303 4503 si
