3224 5162
401 487 481 535 our.
507 488 528 532 r.
553 485 602 532 ou
627 481 956 531 unnutuoutottotu
983 483 1085 533 urru.
1223 469 1288 539 233

243 633 275 696 3.
298 629 385 709 Quue
397 651 460 696 uno
480 619 643 695 ¹coutentue
657 629 867 695 matrimonio
883 627 1027 706 suerunt,
1052 647 1174 694 corone
1188 630 1287 713 pudi-

200 731 312 796 oitireg
332 731 595 794 honorabuntur]
639 729 887 796 Existimabam
908 731 994 794 enim
1018 748 1094 793 eum
1116 731 1287 812 praecipue

200 829 381 898 matrone*
396 833 526 895 sincere
539 831 604 895 fide
619 832 850 912 incorruptum
858 849 935 894 esse
951 831 1109 906 animum,
1124 831 1183 911 qui
1193 828 1287 910 post'

199 932 360 1015 depositae
374 932 571 1014 virginitatis
596 933 708 997 cubile
732 934 767 997 in
790 932 962 1015 publicum
989 931 1101 1013 egredi
1124 931 1288 1009 nesciret3

199 1034 377 1097 multorum
391 1032 673 1098 matrimoniorum
686 1034 930 1116 experientiam
946 1034 1043 1116 quasi
1066 1032 1222 1115 legitimae
1232 1050 1289 1095 ou-

134 1199 135 1202 ,
196 1134 332 1218 jusdem
346 1132 624 1218 intemperantiae*
648 1135 779 1216 siguum
795 1152 873 1200 esse
892 1135 1076 1199 credentes.

200 1255 204 1262 ’
242 1237 274 1298 4.
298 1233 509 1318 Repudiumj
525 1237 610 1300 inter
625 1255 763 1300 uxorem
777 1241 809 1300 et
823 1237 928 1301 virum
944 1234 1110 1299 uoonditu
1124 1231 1217 1298 Urbe
1231 1253 1291 1298 us·

197 1355 265 1419 qne
280 1334 323 1399 ud
337 1335 533 1400 vicesimum
548 1343 581 1400 et
595 1336 897 1419 quingentesimum
907 1331 943 1386 ⁹²
965 1355 1086 1399 annum
1099 1336 1227 1400 nullum
1238 1336 1290 1400 in-

198 1433 369 1502 teroessit.l
412 1437 545 1501 Primus
560 1444 671 1500 eutem
687 1436 748 1519 Sp.
764 1435 995 1501 Carvilius¹⁰¹¹¹
1016 1455 1153 1500 uxorem
1166 1436 1294 1512 sterili·¹

653 1596 835 1616 W

198 1695 347 1745 Torrcnieui
359 1696 440 1746 ceteri
453 1710 540 1745 omnes
551 1702 578 1746 et
590 1695 650 1745 edd.
663 1700 776 1745 vett-⁷
793 1695 872 1744 Berb.
884 1699 907 1744 1.
918 1701 946 1744 et
957 1694 1030 1744 Leid.
1044 1699 1069 1743 6.
1080 1696 1290 1746 emendicetur.-

198 1765 214 1808 8
231 1761 262 1809 Iu
274 1760 406 1823 Pigbinnie
418 1775 467 1808 nou
478 1760 666 1824 hebeturpottr
682 1761 741 1809 ideo
753 1760 797 1808 ille
810 1760 883 1822 legit,
898 1760 939 1822 qui
957 1759 1068 1822 deposita
1086 1775 1108 1808 o.
1127 1775 1148 1808 e.
1165 1763 1289 1822 pudicum:

198 1826 281 1873 codex
292 1825 371 1874 Besil.
380 1839 431 1888 que
441 1826 551 1887 deposito
561 1841 584 1874 o.
595 1825 666 1874 cubili
674 1824 796 1888 pudicum.-
814 1823 882 1872 unde
893 1824 971 1873 Klolr.
987 1823 1056 1886 conj.
1076 1838 1127 1886 quc
1145 1823 1250 1886 deposita
1267 1839 1290 1871 u.

198 1888 272 1938 cubile
282 1889 377 1936 usuum
386 1889 468 1950 egredi
478 1889 590 1938 nesciret:
607 1889 675 1938 Tull.
693 1889 734 1950 qui
750 1889 894 1950 depositum:
911 1888 1003 1936 Heius.
1021 1891 1044 1936 1.
1065 1888 1104 1950 qui
1120 1892 1174 1950 post
1189 1887 1290 1949 posita.-

198 1951 295 2001 Braud.
306 1953 367 2001 ilat.
378 1960 406 2000 et
417 1955 477 2001 Vet.
490 1955 531 2016 qui
540 1952 645 2014 deposito
656 1967 677 2001 c.
691 1953 763 2001 cubili
780 1952 806 1999 iu
819 1951 943 2012 publicum,
961 1955 1001 2013 dc.
1025 1951 1117 2012 Copes.
1130 1951 1219 1999 Rheto-
1231 1954 1254 1999 l.
1264 1953 1290 1999 2.

198 2014 277 2062 Burb.
289 2019 312 2064 1.
321 2019 346 2063 2.
357 2015 433 2065 Voss.
443 2021 467 2064 2.
478 2016 551 2065 Leid.
560 2021 584 2066 6.
595 2029 661 2063 uuus
671 2016 757 2064 Bitur.
769 2020 797 2062 et
808 2014 898 2063 Heius.
906 2019 932 2063 2.
942 2015 983 2077 qui
992 2019 1046 2076 poet
1055 2015 1174 2076 deposito.
1191 2013 1290 2064 Omnes

197 2077 346 2126 Torreuieni
358 2081 456 2140 puriter
466 2080 580 2128 retinent
589 2081 615 2128 iu
624 2079 751 2141 publicum,
767 2085 795 2126 et
803 2078 852 2127 hoo
863 2078 890 2126 in
901 2093 946 2126 suo
958 2077 1016 2126 cod.
1029 2079 1107 2126 etiem
1125 2077 1223 2126 invenit
1233 2078 1291 2128 Lot.

197 2141 326 2191 Latinius.
358 2143 423 2190 Mox
444 2142 550 2203 Pighius
570 2158 602 2192 ex
619 2147 671 2190 ret.
687 2141 747 2190 cod.
762 2142 827 2202 legit
845 2143 986 2202 illegitime,
1002 2141 1071 2203 quod
1089 2140 1193 2190 exhibet
1211 2141 1291 2189 etiem

199 2204 294 2267 Ultruj.
305 2210 329 2254 l.
341 2219 356 2254 u
367 2219 401 2253 m.
412 2221 465 2254 sec.
480 2206 594 2266 legitime
604 2212 734 2253 testentur
745 2204 842 2253 Brund.
851 2209 873 2253 1.
882 2209 906 2254 2.
917 2206 987 2254 Deo.
997 2206 1077 2254 hecil.
1089 2213 1116 2254 et
1124 2205 1291 2264 Torreuiooit

193 2269 224 2316 'et
234 2269 271 2320 tic
281 2269 307 2316 in
318 2269 376 2318 cod.
388 2269 444 2318 het.
458 2271 564 2318 het-tl
580 2269 750 2330 Underiginti
761 2267 838 2317 codd.
848 2283 907 2317 oum
918 2269 977 2319 Vct.
993 2270 1063 2330 Mog.
1073 2271 1180 2319 Venett.
1192 2274 1215 2318 l.
1227 2273 1250 2317 2.
1265 2271 1290 2316 d.

197 2336 223 2380 t.
235 2338 259 2380 6.
272 2332 381 2382 Mediol.
391 2339 442 2381 dre.
454 2334 565 2382 hubent:
583 2333 732 2381 centesimum
742 2337 767 2380 et
777 2333 1066 2394 quinquagesimum-lt)
1082 2333 1113 2382 lo
1134 2333 1210 2383 codd.
1229 2333 1292 2381 Cur·

197 2395 267 2444 bilius
284 2403 312 2446 et
330 2397 473 2454 Gurduliuu;
489 2397 536 2445 sed
556 2398 582 2444 in
602 2395 718 2458 plurimis
735 2395 865 2457 emtum,
881 2397 1007 2460 quomodo
1026 2397 1148 2447 scribitur
1167 2398 1244 2446 etiem
1264 2396 1291 2443 iu

185 2461 257 2510 -Veu
275 2468 302 2510 et
320 2461 393 2526 Mog.
414 2468 441 2511 et
458 2460 529 2524 apud
546 2461 618 2510 Plut.
640 2461 684 2522 Sp.
696 2458 829 2510 Scandilius
845 2461 989 2510 inVenctt.
1014 2460 1057 2525 Sp.
1076 2461 1192 2510 Gubillitu
1210 2458 1292 2510 Aldd.

694 2601 799 2652 NOTAE

197 2727 299 2775 nerum
316 2714 363 2764 sed
374 2713 512 2778 Apollinis,
530 2714 636 2777 Diunae,
646 2717 724 2765 Luto·
765 2714 1007 2779 intemperentiem’
1019 2717 1143 2780 appellet.

196 2803 246 2851 ne,
266 2790 396 2852 Herculis,
407 2791 541 2853 Mercurii,
558 2797 588 2840 et
607 2791 724 2854 Neptuni
794 2789 958 2856 lltepudium]
992 2792 1138 2856 Repudium
1156 2792 1234 2857 iuter,
1254 2791 1293 2842 di·

196 2865 292 2926 primee
311 2866 365 2928 ejus
382 2865 485 2928 generis
502 2866 592 2928 epulus
608 2866 724 2915 celebre·
764 2867 886 2928 vettium,
897 2874 925 2916 et
936 2869 1067 2918 solennem
1077 2869 1293 2920 renuntiationem

199 2943 240 2987 tut
251 2939 324 3006 uelit.
764 2941 812 2989 hoc
827 2939 962 2990 interfuit:
979 2942 1047 3003 qnod
1060 2944 1196 3006 repudium
1217 2956 1294 3004 spon·

231 3013 349 3062 ’σηοω
368 3013 502 3077 pudicitie]
528 3013 724 3063 PudicitiuRo-
765 3027 800 3062 se
811 3015 1002 3063 remitteretnrt
1023 3016 1160 3065 divortium
1176 3027 1294 3064 cumun-

198 3088 281 3137 ntenlr
302 3089 360 3137 Dee
378 3087 445 3150 iuit;
462 3101 545 3152 etque
563 3094 592 3137 et
611 3088 725 3138 Putritiu
765 3103 809 3138 ore
830 3088 914 3138 fieret.
948 3091 1036 3140 Quare
1058 3091 1160 3153 repudii
1181 3089 1294 3139 termule

197 3169 227 3212 et
250 3163 371 3214 Plebeiu:
400 3163 525 3214 Putrieiae
552 3164 676 3227 templum
698 3164 725 3213 iu
765 3159 895 3212 hecfuit:
912 3161 1137 3212 ‘Conditionetue
1153 3163 1293 3214 nonutort?

197 3235 255 3286 foro
271 3237 375 3300 Boario,
392 3237 501 3288 Plebeie
511 3237 538 3288 in
551 3239 606 3288 vieo
618 3237 723 3301 Longo:
765 3237 881 3288 Divertil
895 3251 958 3287 vcro
974 3254 981 3285 ι
1005 3238 1077 3286 ‘Res
1089 3245 1145 3288 tues
1157 3239 1205 3288 tibi
1215 3239 1293 3290 hebe-

197 3311 262 3360 lllud
279 3313 312 3362 eb
327 3313 438 3375 mutuo,
456 3315 504 3364 hoo
516 3329 531 3362 a
545 3313 664 3377 Virginis
680 3328 724 3363 ex·
765 3313 812 3363 to.’
844 3312 1054 3364 Renrrotistiouis
1070 3320 1156 3363 nutem
1172 3315 1229 3364 htee
1249 3315 1292 3364 lex

198 3394 337 3438 structum.
369 3385 401 3438 Iu
410 3389 582 3449 illieedibus,
596 3388 628 3438 iis
645 3389 724 3437 omni·
766 3388 892 3451 fuerit‚ut
904 3390 1084 3449 viruxuri‚vel
1096 3391 1235 3452 uxorum,
1246 3405 1293 3442 teu

197 3463 246 3512 bur
268 3464 312 3528 qui
334 3466 374 3514 vel
395 3479 524 3530 nunquam
542 3466 585 3515 vel
603 3464 642 3514 bit
662 3479 726 3526 nup·
767 3465 889 3529 presenti
908 3479 955 3514 seu
965 3464 1066 3515 obtenti
1077 3464 1194 3515 nuntium
1205 3467 1293 3516 remit·

197 3539 299 3599 sistent,
310 3539 465 3590 sucrificium
481 3539 571 3590 fecere
581 3539 656 3590 nefas
666 3539 724 3591 fuit.
764 3547 844 3592 teret.

228 3611 383 3676 ullumne]
399 3616 521 3665 Metroon
536 3630 567 3665 ea
583 3614 643 3678 fuit,
659 3631 726 3680 que,
797 3617 809 3651 ¹
824 3619 964 3669 Vicesimum
973 3617 1232 3681 noningentesimo]
1260 3615 1294 3667 ld

198 3690 240 3740 tel
251 3689 415 3740 matrimonio
427 3705 489 3741 vero
500 3692 593 3754 juncte
604 3702 683 3753 estet,
692 3708 725 3743 ex
764 3694 884 3758 contigit,
890 3709 923 3743 ex
931 3694 1067 3758 Dionysio,
1076 3707 1143 3742 euno
1149 3693 1226 3743 Urbis
1235 3697 1294 3744 620.

199 3764 285 3816 Gellio
297 3783 304 3827 ς
329 3767 370 3816 rel
385 3767 460 3818 stolae
471 3765 585 3816 fereudre
592 3768 636 3832 jue
647 3769 725 3818 hebe-
766 3771 840 3820 Coss.
865 3770 902 3819 M.
913 3770 1058 3833 Pomponio
1075 3775 1103 3818 et
1122 3770 1151 3819 C.
1163 3769 1294 3834 Pepyrl03

197 3847 248 3904 ret,
258 3853 292 3891 ex
304 3843 398 3904 Fett03
414 3844 457 3893 vel
469 3843 545 3906 primi
561 3843 635 3907 pueri
644 3849 727 3894 meter
766 3846 812 3908 qui
824 3845 850 3894 iu
862 3842 935 3894 fertis
949 3851 1080 3907 ponuntur
1100 3843 1150 3914 An.
1167 3848 1225 3894 622.
1252 3845 1293 3894 Ex

199 3925 278 3979 emet,
291 3932 324 3967 ex
336 3917 448 3968 Isidoro.
766 3919 864 3982 Gellio,
874 3924 932 3969 626.
959 3921 996 3968 M.
1006 3918 1101 3969 Attilio
1111 3927 1139 3968 ct
1149 3920 1179 3969 P.
1188 3921 1293 3970 Valerio

231 3991 238 4026 ¹
248 3994 376 4056 Legitim
386 3993 545 4059 [illegitima]
557 3993 679 4055 usiadem
688 3993 727 4044 iu·
767 3994 839 4044 Coss.
853 3995 896 4057 qui
908 3996 934 4042 in
945 3992 1019 4044 foetis
1030 3996 1149 4058 leguntur
1160 3999 1217 4046 626.
1244 3997 1293 4046 Le·

198 4069 371 4132 temperentia]
384 4070 518 4132 Melinum
528 4067 615 4132 fallor,
625 4070 728 4133 legerit,
766 4070 805 4133 git
824 4067 945 4132 cojuciue
956 4073 1013 4121 duo.
1030 4084 1062 4118 ex
1081 4071 1291 4122 Plutarchum.

199 4141 328 4201 egsum:
348 4159 406 4195 cum
424 4145 493 4194 enirn
515 4146 604 4207 semel,
623 4144 727 4206 iterum,
767 4161 801 4196 ex
822 4146 890 4194 illiue
907 4145 1051 4208 interprete
1071 4149 1127 4197 3³⁰.
1159 4147 1215 4198 Noe
1232 4145 1294 4197 (lel-

201 4221 280 4278 utque
292 4219 371 4269 etiem
382 4222 477 4284 supine
488 4222 585 4271 nubere
598 4237 644 4286 per
655 4223 727 4285 leger
766 4223 828 4272 lium
839 4223 924 4272 secuti
934 4236 1028 4274 numus.

199 4290 727 4362 liceret31epetitutnuptinr‘legitimum
799 4296 913 4349 meum
923 4297 1067 4362 mtueeeril]
1093 4300 1188 4366 Legem
1205 4306 1292 4350 temen
