3386 5262
357 371 400 436 20
691 389 739 436 nn
762 389 927 436 νιιιιιιιο
951 381 1106 434 unxina

357 527 440 594 tulis
466 527 652 604 convenire,
678 526 736 607 qui
761 526 910 590 nondum
932 533 1047 592 tenent
1076 526 1209 592 dicendi
1234 530 1391 612 regulam,
1415 533 1449 593 et

359 629 520 694 deteriora
533 628 644 704 citius,
655 645 756 710 quam
768 647 849 692 sana
862 636 898 691 et
912 635 1001 692 recta
1016 629 1195 694 imitantur.
1239 630 1301 694 Est
1315 632 1449 714 quidem

358 733 440 796 nihil
455 750 552 810 aeque
573 730 707 793 salubre
722 749 762 814 ac
778 730 983 811 frugiferum,
1008 750 1110 813 qnam
1126 731 1233 794 omnis
1249 733 1378 812 generis
1391 751 1449 796 ex·

357 831 477 914 ampla,
490 832 613 913 quibus
624 832 726 896 vitam
748 831 914 909 informes,
930 837 1010 895 nota
1029 831 1152 894 babere
1168 837 1201 895 et
1215 831 1405 909 observata,
1419 839 1452 896 et

359 935 424 996 isto
447 932 581 996 nomine
604 931 734 1012 egregie
758 931 800 994 de
822 931 910 995 omui
936 936 1036 996 aetate
1059 931 1194 995 meritus
1208 929 1365 994 Valerius
1379 937 1449 996 est:

359 1031 524 1116 refertque
539 1033 720 1116 plurimum
744 1051 820 1096 eum
842 1039 978 1112 extare;
1001 1032 1060 1096 sed
1084 1031 1266 1096 dictionem
1291 1031 1383 1114 qnod
1402 1037 1451 1096 at-

360 1133 452 1211 tinet,
467 1134 637 1198 fatendum
650 1133 806 1217 equidem
822 1143 885 1212 est,
900 1154 1007 1217 neque
1022 1140 1107 1198 tersa
1123 1153 1199 1197 eum
1213 1134 1338 1216 ubique
1353 1135 1452 1210 satis,

361 1234 423 1298 sed
438 1235 590 1299 affectate
605 1253 699 1317 saepe
724 1240 757 1298 et
777 1235 895 1317 putide
908 1236 1014 1318 loqui,
1029 1234 1187 1318 quodque
1203 1234 1376 1312 Horatius,
1392 1235 1451 1313 ait,

336 1419 341 1430 ι
361 1337 488 1400 ‘nubes
504 1340 537 1399 et
550 1335 661 1399 inania
675 1335 835 1420 captare.'

363 1535 450 1600 Dan.
467 1533 632 1598 Heinsius
648 1534 692 1598 ad
706 1532 929 1618 Anonymum,
946 1536 1056 1619 Epist.
1080 1534 1121 1598 T.
1138 1551 1178 1598 ιι.
1193 1535 1317 1624 oded.
1330 1555 1363 1598 n.
1378 1535 1454 1601 230.

639 1657 660 1700 a
674 1635 728 1700 Cl.
745 1637 786 1701 Ρ.
800 1637 990 1701 Burmanno
1006 1637 1177 1700 editarum.

404 1782 626 1865 Aliquamdiu
642 1793 753 1850 autem
776 1788 818 1850 iis
834 1787 1079 1863 abstinendum,
1102 1806 1189 1869 quos
1205 1785 1453 1850 declamatoriae

364 1886 501 1967 argutiae
517 1887 761 1964 commendant,
776 1889 883 1969 etqui
908 1905 1009 1971 quam
1034 1887 1228 1968 longissime
1253 1886 1296 1949 ab
1311 1905 1351 1949 ea
1365 1887 1455 1968 puri·

313 2067 316 2072 ¹
362 1994 429 2050 tate
444 1987 574 2049 absunt.
618 1987 707 2052 Inter
730 2007 815 2070 quos
844 1986 1031 2064 Valerium,
1054 1987 1251 2070 scriptorem
1274 1986 1359 2049 alias
1383 1987 1456 2049 exi-

360 2089 473 2161 mium,
488 2086 589 2150 fnisse
600 2093 634 2150 et
649 2107 711 2170 ego
730 2088 884 2171 judicavi
900 2107 1041 2170 semper,
1068 2108 1129 2152 nec
1144 2095 1195 2165 tu,
1221 2094 1314 2172 puto,
1342 2107 1455 2170 negas,

360 2207 503 2270 quaeque
515 2189 573 2252 alii
588 2189 622 2251 in
638 2209 677 2252 eo
693 2190 830 2272 culpent
844 2195 932 2254 recte
948 2191 1129 2254 annotasti.

479 2385 501 2445 J
505 2405 586 2446 anus
600 2383 814 2462 Rutgersius,
831 2381 913 2443 Var.
930 2381 1024 2444 Lect.
1040 2382 1116 2445 Lib.
1131 2399 1180 2445 vr.
1197 2403 1272 2467 cap.
1287 2385 1339 2449 16.

408 2529 574 2610 Legebam
589 2528 643 2589 bis
659 2527 777 2590 diebus
790 2527 965 2592 Valerium
981 2528 1184 2595 Maximum.
1222 2532 1299 2596 Non
1313 2538 1365 2597 est
1375 2534 1456 2599 mibi

364 2650 511 2714 unquam
525 2629 635 2692 verius
651 2628 779 2690 dixisse
794 2627 887 2692 visus
902 2629 925 2694 J
927 2629 1073 2712 osephus
1088 2631 1253 2714 Scaliger,
1262 2655 1365 2718 qnam
1380 2658 1455 2706 cum

365 2750 440 2794 enm
455 2733 604 2811 ineptum
617 2729 789 2792 verborum
805 2734 838 2793 et
849 2731 1086 2795 sententiarum
1101 2733 1323 2800 affectatorem
1339 2741 1457 2821 appel-

365 2830 463 2893 lavit.
506 2828 582 2892 Nec
598 2830 713 2910 ignoro
729 2831 823 2895 illum
850 2851 870 2894 a
892 2833 1096 2914 quibusdam
1116 2837 1200 2899 tanti
1214 2837 1298 2916 fieri,
1324 2845 1360 2902 ut
1385 2841 1457 2925 ejus

363 2928 497 2993 dicendi
512 2931 675 2995 rationem
691 2933 826 2996 unicam
840 2933 1042 3016 eloquentiae
1057 2944 1218 3002 'normam
1233 2946 1372 3021 putent3
1394 2961 1456 3024 ego

364 3037 477 3094 tamen
492 3032 587 3096 aliter
604 3034 723 3098 sentire
737 3055 807 3098 non
820 3055 969 3118 possum,
995 3039 1126 3121 quoties
1151 3041 1296 3122 ineptias
1310 3041 1400 3121 illae,
1423 3049 1458 3109 et

363 3151 440 3196 vere
456 3131 592 3216 putidas
603 3136 776 3200 verborum
785 3138 987 3224 quisquilias
999 3142 1147 3216 memini,
1155 3148 1195 3203 ut
1210 3137 1284 3205 'cum
1295 3144 1457 3208 theatrum

363 3234 507 3296 ‘urbana
528 3233 657 3296 castra’
680 3243 794 3299 vocat:
819 3238 1025 3301 ‘Proximus
1049 3241 1249 3303 militaribus
1271 3243 1455 3320 institutis,'
1480 3229 1482 3234 Α

365 3334 486 3413 iuquit,
508 3334 575 3396 ‘ad
589 3335 715 3397 urbana
731 3342 854 3412 castra,
870 3337 905 3399 id
920 3345 973 3401 est
986 3340 1127 3416 theatra,
1146 3340 1267 3418 gradus
1281 3341 1456 3406 faciendus

365 3432 447 3497 est:’
469 3439 502 3498 et
516 3433 592 3497 Lib.
610 3450 665 3494 111·
684 3453 759 3516 cap.
774 3434 808 3498 8.
832 3435 981 3500 Socratis
997 3445 1106 3501 autem
1128 3437 1317 3503 ‘virilitatis
1339 3442 1456 3508 robore

365 3535 527 3614 palliatus
542 3537 672 3598 animus
684 3535 704 3598 :'
727 3541 759 3598 et
773 3535 815 3599 de
831 3555 913 3599 cane
926 3537 966 3601 L.
983 3538 1085 3602 Pauli
1107 3557 1174 3602 non
1200 3539 1297 3604 aliter
1311 3562 1411 3624 quarn
1426 3545 1456 3608 si

367 3630 409 3694 de
425 3652 570 3697 excessu
588 3635 629 3698 D.
648 3633 794 3715 Augusti
808 3635 1017 3718 loqueretur:
1033 3639 1261 3706 ‘Decesserat
1275 3650 1382 3706 autem
1398 3663 1456 3709 ca-

366 3734 480 3812 tellae,
496 3754 593 3816 quem
610 3735 722 3816 puella
736 3735 770 3797 in
784 3735 918 3800 deliciis
933 3737 1092 3817 habebat,
1115 3743 1245 3805 nomine
1262 3743 1368 3806 Persa
1379 3743 1398 3808 :’
1425 3751 1458 3810 et

368 3834 445 3896 Lib.
463 3852 512 3897 ιν.
528 3854 605 3916 cap.
619 3835 651 3897 6.
677 3835 707 3897 si
723 3835 869 3918 antiquis
883 3837 979 3902 libris
994 3839 1080 3905 fides
1102 3842 1254 3906 habenda
1274 3849 1347 3908 est:
1370 3845 1457 3913 Sunt

368 3936 426 3994 ‘et
440 3935 612 4016 alienigeni
635 3935 758 3999 amoris
782 3937 905 4000 cineres
932 3941 1001 4003 usti
1026 3943 1227 4007 obscuritate
1252 3944 1454 4025 ignorantiae,

365 4051 435 4096 non
451 4035 590 4101 obrutit'
611 4044 644 4102 et
665 4038 755 4102 mille
776 4041 867 4118 talia,
881 4060 1019 4124 quorum
1046 4045 1159 4120 taedio,
1181 4063 1281 4126 paene
1302 4045 1454 4126 dixerim,

365 4141 525 4197 enecatus
540 4156 623 4203 sum.
646 4138 722 4217 ‘Sed
737 4140 884 4206 ducebar
899 4160 1011 4208 rursus
1027 4150 1077 4210 tot
1091 4145 1266 4209 illustrium
1281 4149 1453 4232 exemplo·
