3210 5158
327 403 393 469 rto
617 419 774 468 vacsnu
801 419 946 470 usxrur
976 418 1113 468 urnrv.

325 585 439 628 ensem
454 565 579 628 clarum
602 562 770 644 sapientia
791 560 943 635 suadem,
957 567 982 608 ²⁷
1005 562 1142 642 nequid
1159 561 1251 626 aliud
1267 563 1418 628 homines

327 687 426 751 quam
449 665 633 746 voluptatis
657 683 758 728 causa
782 663 890 725 tacere
913 662 1062 738 vellent,'
1086 681 1148 744 pro
1173 673 1322 730 monstro
1346 684 1421 730 earu

326 785 441 831 vocem
465 767 608 848 accepit,
630 765 854 843 continuoque
876 762 1003 845 Pyrrho
1025 770 1058 824 et
1082 764 1290 828 Samnitibus
1318 766 1421 830 istam

326 867 525 949 sapientiam
546 867 744 950 deprecatus
759 861 867 925 sst.·'²⁸
913 863 1007 926 Licet
1021 859 1162 927 Athenae
1185 863 1339 930 doctrina
1360 885 1422 930 sua

324 967 512 1048 glorientur,
529 967 577 1029 vir
591 973 701 1026 tamen
716 962 863 1042 prudens
876 962 1023 1026 Fabricii
1037 963 1304 1041 detestationem,
1318 988 1423 1048 qnam

326 1069 462 1150 Epicuri
474 1066 589 1128 maluit
597 1070 624 1111 ²⁹
639 1069 825 1144 praecepta:
849 1064 940 1145 quod
953 1071 1091 1128 eventus
1103 1084 1237 1148 quoque
1247 1067 1423 1132 indicavit.

325 1168 426 1240 Nam,
451 1185 525 1246 qum
550 1163 666 1226 urbs³⁰
690 1164 854 1245 uoluptati
880 1164 1057 1244 plurimum
1081 1167 1213 1242 tribuit,
1243 1168 1421 1249 imperium

323 1267 503 1330 maximum
531 1264 662 1326 amisit:
695 1282 771 1346 qnae
798 1263 913 1326 laboro
942 1264 1111 1328 delectata
1137 1273 1199 1344 est,
1225 1273 1423 1349 occupavit.

323 1367 367 1432 Et
395 1366 456 1429 illa
475 1365 664 1428 libertatem
694 1364 778 1426 tueri
809 1382 873 1426 non
896 1365 1020 1428 valuit:
1056 1365 1130 1430 boec
1160 1367 1264 1432 etiam
1293 1357 1420 1435 donare

324 1469 450 1550 potuit

365 1570 398 1632 7.
421 1566 513 1632 Curii
530 1573 567 1629 et
582 1562 729 1627 Fabricii
744 1561 789 1639 Q.
804 1562 963 1626 AElium³¹
978 1564 1190 1630 Tuberonem
1202 1573 1212 1600 ⁸
1226 1569 1416 1648 cognomine

324 1670 442 1735 Catum
462 1667 672 1748 discipulum
685 1665 791 1728 tuisse
811 1651 935 1730 'merito
959 1667 1036 1749 quis
1057 1667 1308 1732 existimaverit.
1353 1669 1418 1736 Oui

324 1770 534 1836 consulatum
549 1766 687 1848 gerenti,
711 1785 789 1830 oum
804 1765 998 1830 AEtolorum
1019 1787 1099 1849 gons
1121 1769 1225 1832 omnis
1240 1785 1322 1832 usus
1336 1790 1420 1836 vasa

326 1878 490 1954 argentea,
514 1888 635 1950 magno
658 1867 820 1950 pondere,
843 1875 879 1930 et
892 1870 1060 1952 exquisita
1082 1877 1152 1934 arte
1166 1868 1335 1947 labricata,
1356 1891 1420 1953 por

323 1976 453 2056 legatos
468 1973 624 2046 misisset,
648 1970 705 2052 qui
720 1970 883 2051 superiori
898 1975 1044 2055 tempore
1058 1971 1242 2053 gratulandi
1255 1991 1362 2036 causa
1374 1973 1420 2036 ad

325 2095 399 2139 euru
412 2072 555 2156 profecti
578 2070 770 2147 retulerant,
795 2069 937 2136 ‘fictilia
960 2092 998 2136 so
1021 2073 1057 2136 in
1075 2073 1150 2156 ejus
1173 2091 1289 2137 mensa
1304 2081 1421 2137 vasa³²

325 2176 449 2240 vidisse
459 2173 478 2252 ;'
499 2173 644 2235 monitos
666 2176 727 2235 ‘ne
743 2172 959 2236 continentiae
977 2175 1071 2257 quasi
1083 2175 1273 2256 paupertati
1288 2193 1421 2240 succur-

325 2276 463 2340 rendum
476 2281 640 2356 putarent,
663 2293 739 2337 cum
761 2275 835 2336 suis
858 2275 996 2338 sarcinis
1021 2275 1131 2336 abire'
1140 2275 1259 2356 jussit.
1306 2275 1421 2354 Quam

324 2378 411 2440 bene
434 2376 594 2439 AEtolicis
623 2376 808 2439 domestica
832 2375 1037 2456 praetulerat,
1063 2374 1096 2436 si
1120 2373 1321 2454 frugalitatis
1344 2379 1422 2461 ejus

356 2612 365 2643 ¹
380 2612 478 2674 Accepit
488 2610 648 2673 illustrantem,
665 2609 862 2658 ret-incredibilem
878 2613 902 2656 et
919 2607 1068 2668 inauditum
1085 2615 1108 2658 et
1122 2610 1229 2659 contineo
1246 2617 1357 2674 meratus
1373 2619 1423 2672 ese,

324 2681 351 2724 ut
362 2675 472 2739 Pyrrhus
482 2680 507 2723 et
517 2675 637 2726 Samnites
647 2675 758 2725 moment
769 2675 841 2722 istam
851 2673 1002 2736 sapientium.

325 2950 422 3001 Brund.
440 2957 464 3001 1.
483 2953 612 3015 qundecim
626 2955 703 3016 pondo
722 2953 819 3016 Ultrsj.
840 2957 864 3000 l.
883 2952 1046 3000 esven—nt
1064 2950 1116 2998 Pro
1135 2951 1232 2998 suadem
1251 2950 1325 2998 multi
1343 2951 1421 3001 codd.

323 3016 433 3065 Torren.
444 3017 521 3065 etiarn
534 3017 628 3080 Copes.
640 3027 667 3065 et
679 3019 737 3072 Vct.
748 3019 890 3074 suadentem,
906 3015 974 3078 qnod
987 3028 1036 3064 non
1055 3014 1184 3076 improbat
1195 3015 1333 3078 Kappius;
1350 3015 1420 3064 unde

324 3080 476 3130 Perizonius
487 3082 556 3146 conj.
568 3096 616 3130 esse
626 3082 715 3130 clarum
725 3097 745 3129 s.
757 3083 965 3130 suadentem—28
982 3079 1078 3142 Ultraj.
1091 3083 1114 3127 1.
1137 3085 1164 3127 et
1185 3079 1254 3127 Leid.
1271 3083 1297 3128 o.
1317 3093 1385 3128 corr.
1405 3095 1421 3128 a

324 3159 357 3194 rn.
369 3159 407 3207 pr.
421 3147 550 3194 detestatus
560 3150 595 3195 est
602 3160 611 3201 ,·
628 3151 656 3193 et
668 3146 704 3193 ric
716 3146 741 3193 ln
754 3144 813 3193 edd.
828 3147 958 3193 veta-29
975 3142 1125 3192 Perizonius
1136 3143 1186 3253 lepi
1194 3142 1284 3205 jussit,
1295 3145 1423 3198 moluerit,-

323 3207 409 3259 Bitur.
418 3214 442 3259 1.
455 3209 569 3272 exhibet,
579 3209 775 3258 maluerim—³0
792 3207 926 3256 Tredecim
937 3207 1001 3255 Mss.
1015 3207 1122 3269 Namque
1132 3221 1162 3254 ur
1175 3221 1263 3262 seum,·
1277 3208 1337 3256 Vet.
1357 3209 1420 3256 Num

323 3274 458 3332 comaclum·
473 3275 543 3323 Ultr.
561 3288 614 3322 sec.
634 3274 744 3334 Namque
761 3271 817 3320 urbe
834 3286 903 3333 qum·
920 3276 948 3318 et
964 3271 1002 3318 sic
1022 3271 1093 3331 Lips.
1126 3271 1247 3319 Ceterum
1259 3271 1375 3319 Athenas
1393 3280 1420 3320 et

325 3337 434 3385 Romam
454 3338 648 3400 intelligit-31
669 3336 751 3386 Codd.
770 3337 868 3396 aliquot
887 3335 1013 3382 omittunt
1030 3336 1131 3392 AElium,
1156 3341 1184 3383 et
1204 3333 1332 3383 fluctuant
1352 3336 1421 3383 inter

326 3402 448 3460 Catilium,
461 3402 584 3461 Catillum,
598 3402 737 3458 Gentilium,
750 3400 883 3457 Catillium,
900 3405 928 3447 et
941 3399 1075 3446 Gotilium:
1092 3399 1178 3460 vulga.
1194 3398 1312 3447 Colelium
1320 3415 1329 3455 ,·
1346 3399 1420 3461 Mag.

325 3465 445 3514 Catilium
481 3466 545 3514 Mox
556 3466 623 3516 Dan.
640 3464 775 3526 cognomine
788 3463 919 3511 Gentilium
926 3479 935 3520 ,·
953 3463 1016 3510 elius
1030 3463 1155 3518 Cbtulumr
1172 3463 1279 3511 Venett.
1292 3464 1423 3514 Catullum.

324 3532 388 3578 -82
404 3530 463 3578 Vox
480 3543 538 3578 oasa
555 3529 691 3579 Perizonio
710 3535 831 3592 suspecta
849 3531 964 3577 est-33
982 3527 1136 3576 Ita'Wiuck.
1148 3527 1238 3576 Colun.
1254 3527 1358 3576 Gembl.
1377 3527 1421 3577 alii

818 3671 925 3722 NOTAE

357 3781 492 3846 scaeua]
516 3783 606 3832 Virum
621 3783 722 3846 Pyrrho
740 3783 853 3845 gratissi·
925 3780 1005 3836 trin.
1018 3781 1055 3830 Μ.
1066 3775 1146 3833 aru(
1169 3781 1213 3832 0-1.
1226 3786 1282 3832 125.
1296 3787 1319 3832 1.
1351 3777 1415 3828 urb.

325 3872 403 3917 nrum,
419 3859 462 3922 qui
471 3860 537 3908 adeo
551 3859 626 3908 tirma'
637 3859 761 3908 memoria
771 3857 851 3907 fuisse
893 3859 923 3909 C.
932 3861 991 3906 tus.
1019 3856 1082 3907 Ant.
1095 3859 1143 3908 Cb.
1153 3862 1212 3908 279.

327 3931 484 3994 perhibetur,
506 3939 536 3981 ut
555 3932 681 3996 postridie
704 3948 779 3997 quarn
800 3933 853 3982 Ro-
924 3935 1074 3990 ·Q.AEliem
1083 3934 1236 3998 lbbemuem]
1247 3932 1304 3981 Fuit
1312 3927 1419 3993 quidem

324 4019 390 4054 marn
409 4009 583 4069 adventasset,
601 4011 656 4059 sine
674 4010 729 4059 ulls
747 4023 852 4058 nomen·
893 4010 937 4058 ille
948 4025 980 4058 ex
994 4010 1115 4059 AEliorum
1128 4017 1216 4072 gente,
1232 4022 1280 4056 non
1301 4019 1362 4053 vero
1383 4020 1420 4055 ex

327 4078 431 4128 statoris
442 4083 853 4149 ope,tumsmsmi,tumttqses·
892 4087 1058 4136 Tuleronnm
1073 4085 1185 4146 familia;
1201 4097 1247 4132 nec
1257 4081 1327 4130 euim
1335 4081 1423 4130 Tube·

327 4149 362 4194 tri
376 4150 474 4232 'Ordlnt
493 4170 584 4206 nomeu
603 4160 694 4223 cuique
711 4175 784 4210 suum
799 4159 853 4210 edi·
893 4176 933 4222 ro,
944 4161 989 4210 sed
1001 4162 1081 4210 Catus
1093 4161 1178 4210 dictos
1189 4167 1241 4208 ests
1253 4151 1425 4222 quemvisalii

327 4221 406 4268 derrt.
894 4234 1026 4294 Catulum,
1038 4234 1081 4282 alii
1095 4235 1226 4284 Catullum
1238 4233 1381 4298 appellent.
