3210 5158
345 426 410 492 454
638 442 792 492 vanarn
819 441 961 490 naxiur
986 441 1058 490 ure.
1082 445 1134 491 rv.

282 655 285 666 ,
346 603 423 656 nem
440 584 642 652 annumerari
659 584 832 668 pecuniam
846 583 965 647 vellet:
983 581 1095 660 ‘Quid
1112 587 1196 665 vos,’
1209 588 1327 672 inquit,
1343 588 1431 654 ‘hes-

347 695 439 752 terna
461 704 560 750 coena
574 705 642 749 non
665 682 875 750 intellexistis
894 702 937 749 ea
959 704 1012 748 me
1036 703 1105 748 non
1132 687 1333 772 indigerei'l'
1377 689 1433 754 Ita

345 805 403 858 rex
412 794 440 834 ⁷⁰
460 785 652 870 philosophi
667 784 847 850 amicitiam
861 803 969 848 emere
979 786 1105 850 voluit:
1127 789 1349 874 philosophus
1364 791 1433 871 regi

345 907 439 952 snam
453 887 593 956 vendere
606 886 737 952 noluit.i

387 991 420 1056 4.
443 987 634 1058 Alexander
649 1005 725 1051 vero
737 1004 920 1068 cognomen
936 988 1054 1054 invicti
1069 996 1244 1054 assecutus
1259 991 1434 1054 continen-

344 1090 423 1156 tiam
453 1083 636 1170 Diogenisk
666 1083 804 1170 Cynici¹
824 1087 955 1150 vincere
981 1108 1048 1153 non
1076 1089 1195 1173 potuit.
1243 1088 1295 1156 Ad
1322 1109 1436 1172 quem,

345 1207 420 1254 cunr
446 1190 479 1254 in
507 1188 578 1253 sole
605 1187 775 1252 sedentem
801 1190 1012 1268 accessisset,
1033 1190 1293 1274 hortareturque,
1316 1197 1387 1268 ‘ut,
1404 1193 1435 1256 si

343 1309 410 1373 qua
425 1290 490 1354 sihi
505 1291 640 1356 aellet⁷¹
664 1291 829 1373 praestari,
853 1290 1044 1356 indicaret?
1067 1291 1345 1374 quemadmodum
1361 1298 1433 1358 erat

341 1391 374 1454 in
389 1392 564 1474 crepidine
578 1391 777 1468 collocatus,
793 1391 937 1456 sordidae
952 1391 1203 1476 appellationis,
1214 1392 1274 1458 sed
1286 1394 1432 1458 robustae

342 1492 393 1560 vir
413 1492 669 1574 praestantiam
702 1490 835 1568 ‘Mox,'
857 1492 978 1574 inquit,
1009 1494 1072 1556 ‘de
1094 1494 1233 1558 ceteris:
1256 1495 1384 1563 interito
1410 1515 1431 1559 a

343 1593 416 1672 sole
430 1593 510 1656 mihi
524 1593 622 1658 velint
634 1612 698 1656 non
715 1593 887 1657 obstes.’⁷²
910 1593 1044 1672 Quibus
1059 1594 1170 1666 verbis
1181 1595 1240 1660 illa
1253 1595 1430 1663 nimirumn

342 1694 478 1762 inhaesit
493 1695 703 1758 sententiar·
726 1692 944 1758 Alexanderm
968 1695 1148 1778 Diogenem
1172 1697 1274 1780 gradu
1298 1716 1362 1762 suo
1381 1697 1430 1762 di-

342 1797 433 1862 vitiis
447 1796 570 1878 pellere
591 1799 705 1872 tentat,
728 1794 871 1860 celerius
887 1795 1026 1868 Darium
1047 1798 1171 1862 armis!
1212 1797 1305 1861 Idem
1330 1799 1432 1882 Syra·

342 1899 444 1976 cusis,
459 1916 536 1965 cum
553 1898 645 1962 olera
659 1898 690 1960 ei
706 1896 833 1961 lavanti
856 1896 1074 1982 Aristippua¹¹
1095 1897 1249 1976 dixisset,
1269 1898 1326 1968 ‘Si
1343 1899 1431 1964 Dio·

343 2000 473 2082 nysium
497 1998 656 2065 adulare⁰
677 1999 790 2077 velles
814 1999 882 2064 ista
903 2020 971 2064 non
994 2020 1089 2067 esses
1102 1999 1122 2064 :’
1143 1997 1290 2078 ‘Immo’
1310 1999 1432 2083 inquit,

343 2100 394 2166 ‘si
411 2107 447 2164 tn
462 2102 528 2166 ista
542 2119 617 2166 esse
631 2100 760 2177 velles,p
779 2117 846 2164 non
861 2101 1015 2166 adulatos
1030 2102 1335 2186 Dionysium.'r⁷4t
1420 2156 1428 2170 .

371 2305 390 2328 ¹¹⁸
406 2296 536 2349 Sienterrt
548 2298 673 2348 insomne
691 2298 745 2346 saci
760 2299 877 2360 prorupti
895 2298 1020 2346 altitudine
1037 2299 1160 2348 causemur
1175 2301 1213 2349 air
1229 2301 1322 2351 sordidi
1338 2301 1432 2365 pines

339 2361 447 2423 naman,
463 2362 518 2424 quia
530 2363 632 2426 Cynicus
642 2367 702 2423 erat,
718 2364 759 2410 sed
770 2362 867 2410 virtutis
879 2359 1088 2422 pentasemo.

372 2431 385 2454 ⁸
403 2425 494 2482 Quibus
504 2427 529 2476 ἐι
539 2427 616 2478 nabis
626 2427 674 2474 laee
684 2424 800 2472 uetantia
810 2422 977 2472 watinhotnr.

371 2495 381 2520 ⁶
400 2489 505 2542 Facilius
512 2493 590 2550 gradu
601 2504 642 2537 rna
654 2487 755 2536 Dorium
765 2485 837 2534 ernis
846 2486 947 2546 dejiciet.

369 2559 385 2594 1'
401 2553 430 2602 Si
447 2555 513 2604 neila
528 2551 621 2602 muri
631 2549 755 2614 Dhaysia,
770 2550 817 2598 iata
828 2549 886 2598 eilia
897 2549 960 2598 olera
970 2564 1016 2598 noa
1027 2553 1169 2604 comederes:
1186 2551 1256 2611 ianne
1265 2552 1353 2617 uniit,
1368 2555 1391 2608 ti
1404 2562 1434 2606 tn

338 2616 393 2666 istis
402 2616 500 2666 mat
509 2616 570 2666 aerei
579 2616 639 2666 satis
650 2614 754 2677 haberes,
763 2628 811 2663 non
821 2614 951 2663 adahrerir
961 2613 1083 2678 Dionysio.

339 2857 445 2934 detexi?
478 2857 549 2910 Leid.
561 2861 584 2907 t.
603 2857 686 2907 itidem
705 2858 866 2908 modica-it)
884 2857 969 2932 ltaque
980 2853 1108 2934 renUHarl3
1121 2862 1148 2905 et
1160 2855 1233 2905 Leid.
1243 2861 1335 2936 ί3.-Ὶὶ
1352 2857 1429 2910 Harl.

338 2919 1432 3050 ttttittsttittthtt‚tlhitt{titt‘’tistittt'ttm‘lttttltti

337 3051 434 3103 Braod.
445 3053 524 3102 sellem
535 3052 611 3100 hahet
622 3050 701 3099 etiam
712 3051 805 3115 Ultraj.
817 3053 905 3100 t.—⁷a
923 3048 1045 3100 Nonnulli
1057 3048 1131 3099 codd.
1141 3051 1246 3101 Torren.
1263 3051 1305 3100 iila
1320 3053 1429 3102 niniam.

336 3120 400 3166 -ii
417 3115 460 3165 Sic
472 3131 504 3166 ex
516 3114 592 3165 codd.
603 3115 716 3164 restitnit
728 3114 843 3189 Pighina,
860 3127 907 3176 pro
923 3128 973 3188 qua
990 3113 1102 3163 lectione
1114 3119 1177 3189 'stat'
1192 3115 1275 3189 major
1289 3131 1350 3182 pars
1361 3117 1428 3167 Mas.

338 3179 398 3234 Vei.
411 3188 438 3230 et
450 3182 520 3244 Mag.
554 3179 655 3244 Vulgo:
675 3179 703 3227 Si
713 3178 830 3242 Dionysia
840 3178 935 3226 adulare
947 3211 954 3228 .
965 3212 971 3227 .
983 3212 989 3227 .
1000 3179 1132 3228 araim
1141 3179 1266 3242 Dionysio.

826 3322 933 3378 NOTAE

370 3442 379 3487 i
393 3443 431 3491 Ea
440 3454 476 3489 are
486 3455 531 3489 aon
542 3435 661 3502 indigere]
675 3437 810 3488 Tristiores
822 3450 860 3486 ra·
900 3436 933 3487 ab
945 3436 1001 3485 aliis
1013 3434 1132 3486 affertur:
1149 3436 1262 3486 nonnulli
1274 3443 1427 3500 repetnnta

336 3533 394 3568 men
415 3531 472 3567 cunr
495 3515 600 3564 vidisset
623 3518 730 3577 legatas,
753 3514 861 3576 triginta
900 3512 1056 3574 cyanum,
1068 3511 1094 3560 ld
1104 3512 1172 3560 enirn
1184 3511 1295 3560 nominis
1305 3509 1355 3561 fuit
1367 3513 1426 3562 Col·

336 3594 419 3642 minas
431 3590 540 3652 accepit,
549 3604 582 3638 ex
594 3588 648 3640 Cic.
659 3589 764 3654 Triscnl.
777 3589 822 3649 lih.
832 3602 859 3638 v.
899 3585 976 3650 legio,
993 3587 1036 3635 uhi
1048 3587 1136 3637 docuit
1146 3585 1332 3648 Antisthenen
1349 3589 1426 3638 malti

368 3666 579 3719 thamim
614 3665 767 3714 01.111.a.
793 3663 858 3713 Urh.
899 3681 914 3714 a
937 3680 1028 3714 eanum
1049 3665 1229 3728 mordacitate,
1245 3665 1313 3730 quad
1333 3666 1424 3730 Cynici

335 3746 365 3798 c.
376 3748 434 3796 418.
464 3743 524 3796 Ant.
534 3741 581 3791 Ch.
593 3742 650 3790 ³³4.
897 3742 1027 3805 quoslibet
1038 3743 1154 3795 mordaci
1173 3739 1252 3792 dente
1266 3745 1420 3806 carperent:

366 3819 378 3854 ¹
398 3817 523 3880 Diogesie]
540 3814 701 3868 Antisthenis
719 3814 859 3876 discipulos
898 3817 1013 3882 plerique
1033 3832 1066 3869 ex
1086 3832 1126 3880 en,
1152 3817 1220 3883 qnod
1241 3832 1311 3868 more
1331 3828 1421 3867 canum

333 3896 391 3957 fnit,
408 3896 441 3945 de
452 3911 502 3959 qno
514 3893 676 3944 rnnltamnlti
689 3901 794 3942 narrant
805 3906 857 3942 orn·
899 3892 987 3957 turpia
1008 3907 1119 3960 qaaeque
1142 3891 1261 3944 facerent
1281 3894 1307 3949 in
1326 3903 1422 3956 propa.-

333 3970 501 4023 nlhusohria.
528 3971 660 4020 Interdum
672 3969 857 4028 hahitarecon·
899 3970 963 4020 tnio.

334 4053 453 4098 sueverat
466 4045 490 4094 in
499 4046 634 4096 civitatum
645 4045 794 4108 porticibus,
804 4045 857 4109 ple·
930 4051 948 4077 ¹⁸
975 4044 1124 4106 Alexander]
1150 4045 1230 4098 Fama
1256 4047 1294 4104 est
1322 4039 1425 4094 dixisse

335 4133 440 4182 ranqna
452 4121 477 4168 in
489 4121 576 4181 dolio;
589 4122 656 4172 unde
668 4122 859 4188 reinhilepal&
898 4119 1086 4182 Alexandrum,
1111 4121 1177 4170 velle
1197 4133 1224 4168 se
1243 4131 1300 4168 esse
1321 4116 1427 4182 Dioge-

334 4191 398 4245 tion
409 4192 504 4258 hahere
515 4209 543 4244 re
555 4196 717 4255 gloriabatur.
746 4251 749 4259 .
897 4210 965 4257 nam,
982 4195 1031 4248 nisi
1043 4202 1113 4245 esset
1125 4193 1280 4248 Alexander.

366 4264 487 4328 ¹Gysr'ei]
506 4268 624 4317 Nominis
639 4271 712 4331 hujus
727 4269 855 4318 ratioatla
928 4275 940 4300 ¹
963 4266 1112 4334 Aristippus]
1140 4270 1282 4334 Cyrenaeus
1309 4268 1426 4332 Socratis
